2456 4036
762 237 1095 283 THIETMARI
1126 238 1340 284 CHRON.
1398 240 1511 284 LIB.
1542 240 1595 284 V.
2023 243 2107 286 117

240 365 415 418 luctus
453 363 549 428 tui,
596 363 723 431 quia
761 364 1013 417 salutaris
1050 372 1231 419 auster
1266 367 1491 419 amicam
1530 366 1840 434 temperiem
1884 365 1984 418 tibi
2028 366 2106 418 af·
2139 378 2262 422 1002.

239 434 402 489 flavit.
475 433 595 486 Non
633 433 723 485 diu
762 435 816 486 in
853 437 1106 489 servitute
1145 436 1403 502 manebi3‚
1454 438 1582 506 quia
1618 437 1687 489 ad
1733 436 2107 490 dominandum

239 506 420 569 libere,
459 522 489 556 0
529 504 685 573 Syon,
726 505 1082 561 renovaberis,
1158 507 1249 560 Set
1287 509 1513 576 amplius
1548 507 1966 576 progrediamur.

386 576 466 630 18.
508 574 639 645 (10.)
699 574 892 628 Omnes
924 578 1015 645 qui
1045 578 1209 644 priori
1239 579 1546 647 imperatori
1578 580 1916 643 serviverant,
1947 578 2109 630 Liud·

240 664 368 715 gero
400 646 512 698 solo
543 651 849 698 remanente
867 647 899 710 ¹,
938 649 1051 714 regi
1080 666 1270 701 manus
1301 649 1635 718 complicant,
1666 649 1820 703 fidele
1853 649 2107 702 auxilium

240 735 336 785 per
379 722 716 770 sacramenta
762 716 1089 771 confirmant.
1175 719 1509 773 Bolizlavusa
1559 727 1734 773 autem
1789 721 2108 773 Misnensem

238 788 425 842 urbem
441 788 812 840 tantummodo
831 788 1204 842 innumerabili
1220 792 1445 858 pecunia
1463 793 1736 859 acquirere
1753 791 2028 859 satagebat
2041 796 2107 854 et,

240 860 368 928 quia
413 859 743 928 oportunitas
788 860 939 925 regni
985 877 1089 911 non
1134 867 1270 924 erat,
1317 862 1460 928 apud
1503 880 1679 930 regem
1725 865 1962 931 optinere
2003 879 2109 914 non

238 931 464 995 valebat,
495 930 577 982 vix
611 930 918 997 impetran8‚
952 938 1010 982 ut
1040 930 1173 983 haec
1204 931 1359 983 fratri
1390 949 1486 984 suo
1517 933 1843 986 Guncelino2
1874 933 2108 998 daretur,

239 1001 461 1055 redditis
499 1000 600 1053 sibi
637 1000 848 1052 Lusizib
888 1007 940 1053 et
977 1001 1240 1055 Milzienic
1283 1003 1635 1070 regionibus3.
1713 1005 1864 1056 Hunc
1900 1004 2109 1057 Heinri-

241 1091 333 1126 cus
375 1089 572 1136 comes,
611 1088 774 1139 nepos
812 1089 962 1123 meus
981 1072 1020 1135 4,
1061 1073 1252 1140 oppido
1291 1073 1538 1141 diligens,
1585 1092 1915 1143 quocumque
1952 1074 2108 1127 modo

238 1145 428 1213 potuit,
475 1142 704 1211 libenter
749 1148 801 1194 et
838 1143 1191 1196 amicabiliter
1230 1162 1348 1196 eum
1394 1144 1694 1197 adiuvabat.
1778 1146 1941 1209 Quem
1989 1163 2108 1198 cum

238 1216 373 1268 bene
417 1219 753 1266 muneratum
801 1223 854 1265 et
901 1232 1018 1266 cum
1063 1214 1281 1267 licentia
1326 1216 1464 1283 regis
1511 1216 1793 1269 abeuntem
1831 1217 2109 1269 comitare-

238 1292 341 1349 tur,
381 1291 780 1338 concurrentem
811 1284 945 1336 vidit
985 1292 1247 1337 armatam
1285 1287 1680 1340 multitudinem
1715 1296 1783 1354 et,
1814 1305 1909 1356 per
1943 1288 2109 1340 Deum

238 1362 429 1417 testor,
475 1357 678 1424 absque
723 1356 862 1423 regis
910 1357 1132 1408 consilio
1179 1368 1232 1408 et
1278 1359 1600 1411 conscientia
1644 1358 1896 1411 adversus
1941 1376 1996 1411 se
2034 1360 2109 1410 in-

239 1434 560 1496 surgentem.
634 1428 736 1491 Qui
774 1445 890 1479 cum
932 1445 1148 1479 causam
1196 1429 1333 1480 tanti
1379 1430 1636 1482 tumultus
1675 1431 1991 1497 investigare
2040 1437 2106 1493 et,

238 1517 305 1552 ne
347 1499 468 1568 plus
517 1499 699 1551 damni
747 1499 1001 1563 oriretur,
1047 1499 1300 1551 voluisset
1352 1517 1708 1568 compescere,
1756 1502 1839 1552 vix
1892 1518 2108 1553 securus

239 1571 440 1633 socium
477 1569 652 1623 fracta
689 1570 941 1622 exteriori
978 1575 1136 1636 porta
1174 1570 1365 1625 educit.
1441 1572 1520 1624 De
1556 1572 1900 1639 sequentibus
1931 1578 2108 1624 autem

238 1640 497 1694 militibus
535 1641 772 1693 nonnulli
812 1659 844 1693 a
884 1641 1250 1709 comprimenti
1283 1641 1441 1694 turba
1473 1648 1597 1695 sunt
1626 1643 1850 1710 predati,
1894 1642 2107 1710 quidam

238 1718 420 1766 autem
475 1712 760 1765 admodum
811 1713 1037 1764 sauciati
1098 1719 1323 1765 mort-em
1368 1713 1665 1766 Bernhardi
1710 1713 1859 1766 ducis
1908 1714 2108 1766 auxilio

240 1789 541 1840 evaserunt.
625 1783 696 1836 Hi
741 1801 968 1851 namque
1019 1784 1218 1836 curiam
1265 1785 1465 1852 regiam
1513 1786 1708 1836 armati
1752 1786 2013 1837 intrantes
2059 1791 2112 1837 et

239 1856 304 1909 de
341 1854 442 1908 hac
481 1855 625 1907 exire
662 1855 797 1907 iussi
835 1855 1074 1908 nolentes
1113 1855 1267 1923 culpa
1305 1873 1402 1907 sua
1437 1856 1543 1908 tale
1584 1857 1876 1922 periculum
1919 1856 2109 1908 merito

238 1927 623 1982 sustinuerunt.
714 1925 1012 1978 Bolizlavus
1052 1932 1228 1979 autem
1269 1926 1366 1978 hoc
1404 1928 1603 1979 factum
1643 1944 1756 1979 esse
1810 1927 1929 1979 dolo
1984 1926 2110 1979 mali

239 1998 445 2051 consilii
483 2005 767 2050 autumans
813 1997 959 2065 gravi
1009 2015 1217 2050 merore
1263 1999 1610 2063 consumitur,
1649 2000 1777 2065 regi,
1828 1998 1968 2065 quod
2007 2015 2110 2050 non

236 2069 552 2138 promeruit,
606 2069 934 2137 imputando,
1018 2069 1261 2122 Salutato
1309 2087 1434 2135 ergo
1481 2069 1730 2121 Heinrico
1784 2076 1857 2134 et,
1907 2070 1952 2121 si
1996 2086 2110 2120 11111-

238 2158 399 2209 quam
423 2140 700 2207 indigeret,
726 2141 927 2192 auxilio
952 2157 1047 2192 suo
1070 2140 1295 2192 firmiter
1315 2142 1576 2209 promisso
1606 2141 1837 2208 patriam
1870 2141 2112 2192 celeriter

205 2212 462 2266 .*revisit.
553 2211 793 2279 Cumque
836 2213 1164 2280 pervenisset
1207 2211 1276 2264 ad
1325 2212 1554 2264 Strelam
1600 2211 1804 2267 urbem.
1865 2212 2110 2278 protinus

239 2301 356 2336 eam
424 2282 711 2335 incendens
785 2300 1034 2349 magnam
1113 2283 1511 2336 multitudinem
1585 2282 2108 2350 comprovincialium

239 2371 416 2407 secum
462 2353 706 2418 abduxit,
759 2355 981 2406 nuncios
1028 2372 1239 2422 quoque
1293 2355 1551 2423 quosdam
1603 2356 1900 2416 remittenS,
1954 2369 2110 2421 quos-

238 2443 462 2494 cumque
500 2426 690 2493 potuit,
729 2426 842 2493 regi
878 2431 1117 2478 avertere
1150 2426 1433 2478 contendit.
1511 2426 1659 2489 Quod
1694 2443 1816 2477 mox
1850 2425 1919 2477 ad
1952 2443 2108 2477 aures
2133 2421 2364 2498 Wffffifm·

237 2499 377 2565 regis
423 2502 704 2566 postquam
749 2498 1011 2565 pervenit,
1066 2515 1188 2550 suos
1233 2498 1527 2550 familiares
1572 2497 1846 2549 caritative
1891 2498 2108 2563 rogavit,
2228 2488 2237 2505 ’

238 2575 299 2621 ut
342 2570 602 2621 archanas
649 2567 821 2620 Sclavi
866 2567 1089 2620 insidias
1132 2570 1503 2637 perquirerent
1555 2576 1622 2634 et,
1670 2569 1715 2620 si
1758 2566 1872 2619 fieri
1915 2572 2109 2635 posset,

238 2640 597 2708 exploratores
636 2640 750 2691 eius
789 2655 978 2707 capere
1017 2646 1356 2707 temptarent.

238 2753 276 2795 a)
298 2754 485 2786 Bolizlaus
500 2754 521 2785 2
536 2763 678 2793 semper.
730 2751 769 2795 b)
791 2752 936 2785 Liudizi
950 2754 983 2794 2,
999 2754 1108 2794 A.S.;
1144 2754 1284 2785 Liusizi
1305 2755 1381 2786 Urs.
1400 2755 1558 2785 correxit.
1612 2753 1645 2794 c)
1670 2754 1720 2784 ita
1737 2754 1846 2790 A.S.‚·
1872 2751 2059 2783 miltizieni
2075 2753 2107 2783 2.

242 2840 282 2893 1)
317 2840 370 2884 V.
400 2853 543 2894 supra
574 2853 674 2895 cap.
697 2841 738 2884 3.
875 2839 920 2893 2)
959 2839 1207 2884 Guneelino
1237 2840 1498 2884 Ekkz'hardz·
1524 2840 1799 2883 marchionis
1828 2838 1985 2891 fratri;
2032 2838 2110 2892 qui

236 2910 323 2954 quo
353 2897 453 2941 iure
480 2895 625 2949 frater
646 2897 878 2941 Boleslam‘
906 2898 1101 2951 dicatur,
1130 2910 1221 2941 non
1251 2898 1399 2953 liquet,
1432 2897 1645 2952 quoniam
1673 2909 1813 2950 neque
1830 2900 2005 2950 patrem
2027 2907 2108 2937 nec

237 2958 423 2998 matrem
454 2967 554 2998 cum
583 2955 659 2998 illo
689 2967 963 2998 communem
993 2955 1205 2998 habuisse
1229 2959 1388 3009 potest.
1448 2953 1575 3006 Cous.
1599 2953 1793 2997 ‘Jahrbss
1818 2953 1860 3005 I,
1892 2953 1974 2996 223
1998 2965 2041 2994 n.
2067 2951 2107 2995 7.

236 3012 460 3056 Fortasse
519 3010 618 3056 Oda
678 3011 907 3054 Boleslavi
961 3025 1150 3055 noverca
1208 3011 1328 3063 (IV,
1380 3011 1454 3062 57)
1516 3010 1756 3054 Guncelz'ni
1813 3015 1956 3052 mater
2004 3007 2106 3059 fuit.

237 3066 282 3121 3)
313 3067 493 3111 Scilicet
522 3068 760 3111 Boleslavo
791 3068 955 3111 Lusizi
985 3074 1026 3112 et
1055 3068 1263 3112 Mileiem'
1296 3069 1495 3122 reqiones
1526 3068 1660 3110 datae
1689 3070 1795 3109 sunt
1821 3065 1901 3120 (cf.
1937 3066 2012 3115 VI,
2045 3065 2106 3118 2),

238 3126 306 3167 ita
341 3131 393 3169 ut
428 3126 589 3169 Elstra
625 3125 762 3179 myra
797 3125 906 3178 finis
942 3126 1070 3179 reym'
1108 3125 1316 3169 Polom'ci
1352 3125 1618 3177 efficeretur.
1691 3124 1815 3174 Quae
1858 3122 2028 3166 Hirsch
2067 3126 2110 3166 et

246 3181 436 3236 Usz‘nqer
472 3179 692 3231 (vam-b)
723 3183 766 3235 I,
805 3183 889 3225 224
924 3196 969 3225 n.
1006 3185 1062 3235 1),
1102 3182 1347 3226 Neumann
1384 3180 1575 3231 (‘Neues
1614 3181 1815 3224 Lausitz.
1839 3179 1984 3232 May!
2016 3179 2108 3230 33),

237 3251 278 3281 v.
301 3238 536 3293 Zeissbery
566 3237 774 3293 (‘Km'eye
804 3239 1052 3282 Heinrichs
1082 3240 1152 3282 II.
1192 3240 1269 3282 mit
1291 3239 1515 3281 Boleslaw
1546 3251 1585 3280 v.
1618 3237 1772 3280 Polen'
1808 3237 1985 3279 lViener
2015 3234 2107 3279 ΕΒ.

237 3295 401 3347 LVII,
433 3307 481 3348 p.
505 3295 725 3346 275—76)
756 3295 996 3348 diplomate
1020 3297 1228 3339 Heinricz·
1256 3296 1367 3339 1004
1398 3298 1516 3349 Any.
1541 3297 1566 3337 8
1597 3294 1702 3337 dato
1739 3292 1951 3348 (Stumpf
1976 3293 2108 3343 1391)

237 3351 342 3404 nisi,
372 3364 466 3406 ⁴quo
496 3364 575 3394 γεω
606 3352 876 3395 mon-asterio
906 3353 1243 3407 Nienburyensi
1277 3353 1374 3395 loca
1403 3352 1622 3406 quaedam
1656 3351 1834 3393 illorum
1864 3350 2026 3403 finium
2055 3349 2106 3394 ut

237 3421 325 3452 sua
348 3408 502 3462 donat,
532 3412 689 3452 contra
712 3409 830 3452 hanc
853 3411 1116 3453 sententiam
1136 3408 1388 3463 proferant,
1417 3409 1526 3450 mihi
1545 3420 1825 3463 nequaquam
1852 3407 2109 3461 probantur

237 3477 377 3521 neque
407 3465 543 3508 ullius
581 3470 687 3509 sunt
722 3466 945 3519 momenti,
983 3467 1194 3521 quoniam
1232 3479 1310 3509 rex
1347 3466 1447 3508 illos
1471 3478 1618 3520 passos
1655 3465 1747 3507 iam
1783 3477 1883 3507 vere
1921 3478 1963 3507 a.
1996 3462 2107 3507 1004

238 3534 480 3577 aggressus
505 3527 719 3565 autumno
743 3521 940 3565 eiusdem
968 3524 1081 3566 anni
1098 3522 1380 3577 recuperavit
1401 3521 1462 3571 (v.
1499 3521 1578 3575 VI,
1603 3524 1641 3564 ⁸2.
1669 3522 1734 3564 14.
1761 3523 1846 3571 15).
1905 3520 1949 3573 4)
1975 3520 2105 3564 Mar-

238 3579 337 3624 chio
366 3579 415 3622 in
442 3591 562 3634 payo
594 3578 831 3634 Nordqau.
