2456 4036
734 274 1066 319 THIETMARI
1096 273 1311 320 CHRON.
1369 274 1484 319 LIB.
1512 273 1589 318 VI.
2002 273 2084 316 133

400 403 467 454 Et
504 402 846 454 contectalem
886 403 1108 454 suimet¹
1150 401 1372 454 defende
1410 400 1633 463 fidelem,

398 473 516 525 Hiis
553 479 647 525 tua
683 490 778 540 pro
814 474 991 539 parvis
1029 473 1167 524 bona
1204 478 1446 541 prestans
1483 472 1714 523 maxima
1753 470 1920 523 donis

230 555 284 599 15
400 544 557 596 Vivat
593 545 648 595 in
685 543 925 595 aetheria
962 543 1245 610 Taginonis
1285 544 1502 609 spiritus
1540 542 1678 604 aula,
1713 547 1715 549 ’

401 613 700 685 [Waltherd
739 620 791 666 et
830 614 966 666 Gero
1005 614 1212 666 valeant
1249 615 1303 664 in
1339 612 1442 665 fine
1477 611 1672 684 beato}

399 689 440 737 A
481 685 691 737 Christo
729 684 860 736 salvi
898 685 1003 736 sint
1040 702 1218 736 omnes
1256 691 1415 751 atque
1455 683 1664 737 locandi

401 757 614 808 Sedibus
651 755 852 818 Elisiis,
891 760 958 818 te,
1000 756 1289 822 Mersburg,
1328 757 1420 822 qui
1456 756 1670 821 pietatis
1967 790 1969 794 ι
2107 756 2341 831 ΒῑίᾒΡΜη·

398 826 633 879 *Affectu
670 827 871 878 dextris
909 826 1206 878 exaltavere
1244 826 1498 892 benignis,
2212 801 2296 840 ἠ’

228 909 284 952 20
399 898 589 950 Omnia
629 899 719 966 qui
755 898 958 965 primus
996 899 1150 964 regis,
1190 897 1348 960 DeuS‚
1388 902 1547 964 atque
1586 914 1891 965 supremuS,r

396 969 548 1021 Hanc
585 970 874 1031 moderare,
914 973 1004 1020 tuo
1043 973 1202 1036 queat
1240 973 1300 1018 ut
1335 967 1624 1019 subsistere
1664 985 1832 1032 rem03

398 1041 527 1092 Eius
567 1040 813 1092 custodes
851 1045 944 1090 tua
984 1039 1089 1090 sint
1124 1044 1377 1106 precepta
1414 1044 1706 1105 sequenteS,

396 1111 588 1164 Hostes
625 1112 702 1163 nil
738 1111 960 1173 valeant,
1000 1111 1239 1162 conversi
1276 1109 1368 1161 sed
1406 1109 1544 1161 bona
1579 1110 1817 1161 reddant.

399 1182 481 1235 Sis
518 1200 644 1249 rogo
684 1182 966 1250 propiciUS,
1006 1181 1098 1248 qui
1135 1181 1438 1233 destructor
1474 1179 1578 1231 fuit
1617 1181 1797 1245 huius;

227 1263 283 1306 25
398 1254 617 1322 Insuper
654 1261 708 1305 et
746 1253 964 1315 cunctiS,
1003 1252 1094 1319 qui
1131 1251 1417 1304 subvenere
1457 1252 1719 1318 malignis,

394 1326 478 1377 ‘Da
515 1326 737 1389 veniam,
777 1324 903 1376 laeti
941 1341 1046 1391 quo
1084 1328 1325 1389 spectent
1362 1328 1510 1374 certa
1547 1323 1729 1377 futuri.

537 1395 726 1465 [*Urbs
763 1395 1152 1447 Wormacensis
1190 1394 1384 1461 gaudet
1421 1393 1745 1461 temporibus
1783 1394 1900 1445 istis

398 1466 668 1519 Libertate
708 1484 819 1530 sua,
860 1467 1008 1519 cuius
1047 1465 1292 1518 manebat
1331 1466 1384 1516 in
1423 1465 1612 1517 umbra
1902 1469 1909 1473 ”

396 1539 686 1602 Hactenus,
726 1544 883 1605 atque
920 1537 1114 1590 ducum
1152 1537 1329 1589 fuerat
1367 1536 1464 1588 sub
1503 1536 1616 1603 lege
1654 1552 1867 1588 suorum
1882 1533 1919 1587 2.

226 1617 283 1661 30
396 1609 674 1662 Burchard
714 1607 971 1662 antistes3
1007 1609 1240 1660 laetatur
1277 1613 1329 1659 et
1364 1608 1506 1659 inter
1545 1609 1734 1659 heriles

397 1681 478 1732 Ex
516 1683 692 1734 animo
730 1697 990 1749 procereS,
1030 1680 1168 1746 quod
1209 1697 1312 1731 non
1350 1679 1502 1730 timet
1540 1679 1765 1747 amplius
1801 1678 1980 1730 hostes

396 1752 549 1805 Nunc
587 1770 650 1804 ex
689 1752 952 1819 contigum
991 1751 1141 1818 longe
1181 1754 1414 1802 semotus
1454 1750 1521 1801 ab
1561 1751 1689 1813 illo„

395 1824 534 1876 Aula
572 1824 719 1876 ducis
758 1824 957 1876 domini
999 1822 1182 1875 domus
1221 1828 1300 1874 est
1337 1822 1443 1872 iam
1482 1821 1698 1888 preclua
1737 1819 1952 1883 Christi,

399 1894 467 1947 Et
503 1896 705 1948 iudices
746 1895 918 1948 varios
957 1894 1129 1946 clerus
1165 1911 1306 1944 nunc
1345 1892 1594 1960 deprimit
1631 1892 1763 1946 illos,

138 2010 143 2017 .
196 1974 283 2018 .35
399 1965 541 2018 *Hoc
579 1985 671 2019 rex
711 1966 990 2018 Heinricus
1029 1965 1156 2017 fecit
1191 1966 1392 2032 pietate
1431 1972 1732 2026 coruscusa,

399 2038 550 2090 Hanc
586 2038 816 2105 propriis
856 2037 1059 2089 solvens
1097 2035 1255 2088 rebus
1294 2035 1614 2101 Christoque
1651 2034 1944 2086 remittens,

398 2110 597 2161 Annuit
634 2112 737 2161 ista
775 2110 895 2176 pius
936 2106 1111 2179 [Ottob
1151 2106 1259 2158 dux
1295 2104 1476 2177 at]que
1516 2106 1773 2174 benignus

400 2179 616 2232 Munere
656 2181 820 2247 regali
858 2179 1122 2231 concessit
1160 2178 1408 2230 habunde
1446 2178 1629 2229 teneri.

398 2252 479 2303 Ex
516 2253 614 2304 hoc
651 2253 912 2304 laetantes
951 2250 1057 2302 sint
1094 2267 1302 2317 semper
1339 2249 1534 2317 quique
1572 2247 1831 2316 fideles]*.,

936 2347 1239 2431 LIBER?
1287 2363 1386 2429 VI.
1462 2410 1464 2412 ψ

257 2496 259 2506 ²
332 2476 417 2526 ’1.
472 2471 569 2543 (1.)
643 2471 797 2524 *Post
842 2470 1175 2524 salutiferum
1222 2470 1571 2521 intemeratae
1616 2468 1836 2536 virginis
1879 2470 2091 2535 partum
2123 2478 2247 2521 1004.

115 2545 122 2554 '
182 2545 204 2597 ‚⁷
228 2551 596 2596 consummata
631 2544 919 2596 millenarii
968 2542 1111 2593 linea
1156 2541 1364 2592 numeri
1409 2546 1462 2592 et
1499 2541 1553 2591 in
1593 2545 1812 2607 quart00
1850 2537 2092 2591 cardina·
2117 2555 2223 2586 Febr.

226 2614 291 2666 lis
343 2615 492 2667 locod
557 2633 620 2667 ac
677 2617 731 2667 in
791 2613 1025 2667 eiusdem
1095 2614 1346 2681 quintaee
1403 2612 1564 2663 inicio
1625 2609 1976 2673 ebdomadae,
2035 2609 2091 2660 in

319 2707 364 2761 ²¹²)
395 2708 571 2763 Excipit
600 2704 820 2767 prologus.
879 2707 1046 2772 Incipit
1075 2706 1190 2750 liber
1218 2708 1366 2749 sextus
1399 2705 1504 2749 add.
1529 2706 1569 2749 2.

227 2783 263 2825 a.)
287 2784 486 2817 choruscus
510 2787 622 2818 littera
643 2786 668 2816 h
685 2789 818 2826 puncto
838 2787 952 2817 notata
975 2784 1119 2824 ideoque
1142 2784 1252 2815 deleta
1274 2786 1305 2815 1.
1400 2783 1437 2819 b)
1461 2791 1493 2814 o.
1519 2781 1554 2813 d.
1587 2786 1624 2814 at
1655 2784 1692 2814 ι”η
1715 2783 1786 2813 loco
1807 2790 1888 2812 raso
1909 2782 1980 2812 alio
2002 2782 2092 2812 atra-

152 2844 156 2849 ·
227 2830 336 2860 mento
357 2828 447 2860 idem
464 2829 504 2860 T.
592 2829 625 2871 c)
648 2831 698 2861 ita
714 2829 946 2862 flammarum
968 2828 1113 2859 dictasse
1134 2829 1196 2858 aut
1217 2829 1305 2858 certe
1325 2826 1459 2857 dictare
1481 2826 1630 2858 voluisse
1654 2827 1724 2857 iam
1754 2825 1905 2856 Ursinus
1920 2824 2071 2866 cognovit
2078 2833 2092 2862 ,-

227 2871 536 2916 quinto-quartg
557 2874 589 2904 1.
677 2871 713 2912 d)
737 2872 792 2903 loc
813 2871 851 2903 in
876 2873 947 2902 loco
968 2880 1048 2902 raso
1076 2871 1113 2901 T.

230 2935 271 2989 1)
318 2935 634 2993 Cuniqundam
671 2937 884 2990 reqinam.
1020 2936 1063 2987 2)
1111 2935 1263 2978 Duces
1301 2934 1649 2977 wormatienses
1681 2933 1852 2986 posteri
1880 2930 2095 2974 Konra'di

227 2993 664 3049 Rufiappellantwr,
694 2994 774 3050 qui
794 2994 958 3037 amisso
981 2992 1304 3047 Locharinqiae
1328 2992 1496 3034 ducatu
1519 2991 1568 3034 in
1583 2989 1790 3039 Francia
1813 2988 2090 3040 occidentali,

227 3051 309 3095 ubi
340 3052 546 3106 plurima
589 3053 710 3095 bona·
740 3051 934 3106 propria
971 3055 1013 3094 et
1048 3049 1287 3094 comitatus
1322 3049 1530 3092 nonnulli
1564 3061 1714 3090 eorum
1743 3045 1948 3100 fuerunt,
1993 3058 2091 3088 con-

229 3107 447 3152 dicione-m
478 3110 644 3152 ducum
674 3105 858 3152 similem
888 3108 1199 3160 obtinuerunt,
1239 3107 1357 3149 sicut
1384 3105 1518 3148 etiam
1552 3104 1646 3160 Udo
1676 3117 1817 3148 eomes
1849 3101 2020 3160 <†‚949)
2053 3107 2093 3146 et

229 3166 282 3218 ei,
312 3167 391 3221 qui
419 3166 474 3209 ab
506 3167 583 3209 illo
613 3166 829 3220 oriyinem
852 3165 1095 3216 dumea-unt,
1125 3165 1172 3206 in
1196 3162 1403 3207 Francia
1425 3161 1643 3204 orientali.
1705 3160 1831 3213 Conf.
1855 3159 2091 3212 Bresslau,

229 3219 586 3278 ‘Forschunyew
621 3223 768 3275 XIII,
794 3235 841 3277 p.
866 3222 1104 3278 loo—110.
1178 3220 1269 3264 Hic
1299 3221 1421 3263 locus
1451 3224 1622 3272 spectat
1652 3219 1713 3260 ad
1742 3219 1946 3261 chartam
1974 3215 2092 3270 reyis

230 3292 272 3322 a.
302 3280 412 3323 1002
456 3280 547 3324 Oct.
578 3283 604 3323 3
643 3281 796 3323 datam
836 3277 1047 3333 (Stampf
1077 3278 1228 3330 1326),
1265 3290 1355 3332 qua
1399 3276 1641 3318 Heinrieus
1681 3275 1823 3334 totum
1863 3270 2090 3328 praedium

229 3347 486 3393 omnemque
516 3336 853 3391 proprietatem,
896 3349 1030 3391 quam
1060 3348 1138 3389 per
1167 3332 1321 3376 dilecti
1352 3331 1664 3386 consanguinei
1696 3355 1745 3360 —
1781 3329 1958 3374 Ottonis
1989 3342 2091 3385 quo-

229 3405 312 3448 que
355 3392 476 3436 ducis
517 3393 690 3436 firmam
733 3391 1024 3436 traditionem
1067 3392 1114 3434 in
1158 3390 1382 3445 proprium
1427 3388 1495 3431 ius
1543 3393 1797 3442 acceperat,
1842 3387 1957 3430 sicut
1998 3387 2092 3440 ipse

227 3449 371 3500 (Otto)
410 3451 529 3493 visus
573 3453 639 3493 est
676 3449 837 3493 habere
878 3448 995 3492 infra
1034 3447 1214 3492 eandem
1259 3446 1514 3495 civitatem,
1555 3445 1635 3488 hoc
1664 3447 1745 3488 est
1785 3443 2090 3494 Wormatiam,

228 3506 481 3561 praedictae
512 3507 719 3551 ecclesiae
750 3507 940 3550 tradidit
968 3519 1066 3548 cum
1097 3505 1298 3548 omnibus
1329 3502 1385 3545 ad
1415 3501 1598 3546 eandem
1627 3502 1947 3556 proprietatem
1975 3500 2092 3544 iuste

229 3565 275 3607 et
296 3563 508 3620 legaliter
529 3563 876 3618 pertinentibus3
907 3564 966 3616 cf.
992 3563 1176 3615 Hirsch,
1201 3561 1381 3606 ‘Jakra
1403 3559 1559 3602 Heinr.
1576 3560 1680 3613 IL',
1702 3560 1746 3613 I,
1771 3561 1958 3603 Excurs
1983 3558 2092 3602 VII.

229 3620 272 3674 3)
303 3621 560 3676 Episcopus
592 3621 930 3666 Wormatiensis
960 3619 1255 3663 1000—1025.
