2456 4036
603 281 937 326 THIETMARI
967 281 1181 328 CHRON.
1240 285 1352 328 LIB.
1384 284 1473 328 VII
1506 283 1620 337 (VI).
1965 286 2049 330 183

181 408 250 461 ad
286 423 368 459 me
404 406 679 474 proferens
717 407 947 471 verbum,
987 427 1106 461 cum
1137 428 1282 463 ame
1312 412 1746 478 interrogaretur,
1788 410 1831 461 si
1864 415 2048 462 sancto
2082 423 2206 466 1012.

180 478 434 532 voluisset
463 478 588 544 ungi
621 477 755 540 ole0,
785 480 1077 546 respondit:
1119 480 1397 545 ‘Libenter‚
1431 484 1556 550 quia
1581 486 1703 549 post
1723 480 1824 533 hoc
1849 480 2051 533 Christi

180 549 421 602 voluntas
472 548 577 600 cito
628 548 902 616 perficitur
952 551 1006 601 in
1060 551 1173 606 me.’
1264 551 1634 605 *Vestimentis
1684 556 1811 604 tunc
1862 557 2050 619 parata

65 617 76 628 '
127 618 327 673 .'novis
372 636 454 670 me
493 620 719 682 vocavit;
768 625 821 671 et
863 620 1114 687 perfectis
1161 623 1406 675 omnibus
1450 623 1519 674 ad
1564 623 1867 675 unctionem
1911 623 2050 675 iuste

180 688 587 758 pertinentibus:
636 689 822 752 ‘Quam
860 691 1045 755 pulcra
1085 709 1140 743 es
1178 694 1356 746 nuncl'
1404 693 1514 746 dixi
1552 694 1620 746 ad
1658 710 1798 758 eam3
1846 698 1898 746 et
1934 693 2048 746 illa:

182 760 396 824 ‘Vide0,'
422 759 553 823 infit,
581 761 838 812 ‘iuvenem
861 760 1150 814 formosum
1167 763 1237 815 ad
1252 764 1556 828 dexteram,’
1582 765 1751 817 oculis
1767 764 2051 831 designans

179 833 236 884 in
281 849 413 884 eam.
500 830 627 883 Post
669 830 803 884 haec
847 831 1114 899 digressus
1164 833 1230 886 ob
1286 835 1656 902 fatigationem
1707 836 1914 888 itineris
1959 835 2051 888 diu

181 902 402 955 dormivi
447 906 500 954 et
543 906 669 954 tunc
714 904 1082 970 expergiscens
1135 904 1314 957 audivi
1360 923 1476 958 eam
1519 924 1613 973 pre
1661 907 1825 959 nimio
1872 907 2051 960 dolore

179 974 412 1043 graviter
427 973 878 1039 ingemiscentem3
901 979 954 1026 et
979 975 1198 1042 propius
1215 976 1473 1029 accedens
1498 979 1707 1029 cantavi
1723 978 2050 1045 spalterium,

182 1062 348 1112 usque
388 1043 540 1095 *dum
580 1062 693 1096 eam
734 1045 789 1096 in
828 1046 1080 1097 extremis
1127 1063 1242 1099 esse
1284 1052 1558 1115 presentes
1603 1053 1951 1114 testarentur3
1999 1055 2052 1101 et

181 1123 309 1168 tunc
332 1114 607 1182 conpletiS,
632 1133 769 1183 quae
793 1114 862 1167 ad
884 1114 1018 1169 haec
1039 1116 1265 1169 dicenda
1284 1122 1451 1180 erant,
1471 1135 1588 1169 cum
1611 1119 1726 1186 ipsa
1745 1125 2047 1172 sanctorum

180 1188 498 1239 invitacione
550 1186 767 1238 transiit
818 1186 946 1238 felix
997 1188 1176 1240 anima
1227 1189 1342 1241 eius
1395 1188 1580 1241 Idibus
1628 1189 1944 1244 Novembr.1
1982 1191 2051 1243 ad
2074 1205 2238 1237 Nov.13.

181 1258 363 1327 sponsi
401 1258 644 1310 caelestis
681 1257 1000 1310 thalamum.

323 1330 405 1383 25.
460 1329 631 1381 Huius
661 1329 862 1381 obitum
893 1329 1109 1396 quidam
1132 1329 1314 1394 laicus,
1349 1331 1476 1382 civis
1499 1331 2050 1400 Parthenopolitanus,

182 1418 297 1453 cum
336 1401 391 1452 in
428 1399 737 1452 infirmitate
775 1401 994 1464 iaceret,
1039 1400 1340 1469 predicens:
1397 1401 1548 1464 ‘Est,’
1596 1403 1792 1469 inquit,
1841 1402 2053 1455 ‘domna
2126 1449 2128 1451 ,
2175 1439 2178 1441 -

183 1470 452 1539 Liudgerd
498 1471 562 1523 de
607 1471 710 1523 hoc
755 1471 930 1524 seculo
975 1472 1293 1537 transitura3
1341 1477 1395 1524 et
1429 1489 1550 1525 vere
1596 1473 1784 1526 beatus
1828 1479 1909 1526 est
1947 1474 2050 1538 ille,

183 1544 273 1611 qui
304 1560 419 1594 eam
452 1548 687 1595 meretur
716 1542 959 1594 incedere
989 1543 1164 1596 viam.'
1219 1542 1351 1595 Cum
1375 1544 1482 1595 iam
1510 1545 1683 1610 primo
1707 1544 2051 1606 illucesceret,

182 1630 376 1680 corpus
408 1614 477 1665 ad
505 1613 769 1666 Wallibizi
800 1612 952 1666 nobis
987 1614 1369 1667 comitantibus
1392 1614 1631 1667 defertur
1662 1621 1715 1667 et
1736 1616 1789 1666 in
1813 1618 2054 1684 proxima

181 1685 266 1737 die
305 1686 454 1736 iuxta
490 1686 963 1737 monasterium'in
1012 1686 1315 1754 aquilonari
1362 1691 1535 1754 parte,
1590 1685 1682 1738 ubi
1728 1686 2052 1740 Liutherdus

181 1762 333 1823 pater
370 1756 546 1808 XXVI
584 1773 754 1809 annos
802 1756 1127 1809 inclama-2
1171 1756 1557 1825 requiescebat,
1603 1757 1884 1826 deponitur
1929 1763 1983 1810 et
2021 1777 2054 1810 a

182 1828 291 1879 viro
337 1828 531 1880 suimet
575 1827 900 1880 Wirinhario
944 1826 1288 1881 ineffabiliter
1340 1826 1577 1883 defletur.
1664 1830 1862 1880 Fuerat
1914 1830 2050 1882 enim

182 1899 316 1951 haec
367 1899 473 1952 vite
537 1900 650 1951 eius
702 1905 755 1951 et
805 1899 1014 1951 animae
1067 1899 1291 1967 diligens
1350 1899 1596 1952 custodia
1660 1906 1712 1951 et
1762 1899 1817 1950 in
1876 1899 2053 1952 divino

181 1970 409 2022 maxime
455 1969 653 2023 sudans
697 1969 960 2022 famulatu
1004 1988 1102 2039 pro
1148 1971 1237 2023 illo
1274 1970 1395 2038 plus
1427 1988 1588 2039 quam
1619 1988 1714 2037 pro
1748 1988 1803 2022 se
1841 1971 2053 2025 ieiuniis

181 2043 236 2093 in
283 2041 481 2108 frigore
530 2048 584 2094 et
633 2041 876 2094 oracione
933 2043 1185 2094 continua
1238 2042 1471 2110 peractis
1531 2047 1583 2094 et
1630 2042 1933 2094 elemosinis
1985 2043 2052 2095 ab

182 2114 414 2164 omnium
460 2112 564 2165 huc
607 2130 776 2180 usque
820 2112 1074 2165 tuebatur
1117 2113 1327 2165 insidiis
1370 2113 1621 2167 hostium.
1705 2113 1836 2165 Dico
1877 2119 2055 2166 autem

182 2184 387 2236 cunctis
439 2184 778 2250 presentibus
831 2188 992 2252 atque
1046 2184 1262 2246 futuriS,
1315 2184 1567 2253 quicquid
1622 2184 1749 2236 boni
1799 2185 1853 2236 in
1910 2183 2050 2256 [hoc]

47 2291 56 2302 -
135 2267 156 2300 ¹-
183 2255 359 2308 seculo
403 2273 500 2323 pro
545 2255 771 2308 alicuius
816 2256 1072 2308 memoria
1117 2273 1149 2307 a
1193 2256 1438 2308 fidelibus
1485 2255 1788 2318 exhibetur,
1841 2255 1912 2308 *si
1947 2273 2054 2308 non

181 2327 307 2379 licet
331 2327 380 2378 ei
404 2326 701 2394 prodesseb,
726 2343 822 2393 pro
849 2344 954 2394 quo
980 2327 1172 2395 agitur,
1198 2344 1486 2395 numquam
1513 2345 1545 2379 a
1561 2327 1672 2379 Deo
1693 2328 1742 2379 ei
1758 2327 2002 2380 irritatur
2013 2327 2052 2391 3,

181 2398 273 2465 qui
311 2397 413 2451 hoc
451 2397 628 2451 facere
667 2397 938 2450 studiosus
977 2404 1246 2451 conaturc.
1479 2461 1483 2466 ¹

325 2472 407 2524 26.
476 2471 538 2523 In
581 2470 787 2536 primod
823 2469 1064 2522 Heinrici
1107 2470 1381 2538 regnantis
1427 2486 1567 2522 anno
1608 2468 1851 2538 predicta
1894 2469 2055 2521 Liud-

184 2540 309 2606 gerd
376 2546 500 2608 post
556 2547 784 2594 mortem
841 2541 1011 2609 patris
1078 2541 1162 2594 sui
1227 2541 1295 2594 ad
1361 2541 1530 2593 virum
1598 2558 1779 2602 suum,
1851 2558 1883 2592 a
1950 2540 2053 2608 quo

184 2612 380 2665 iniuste
439 2611 646 2664 tamdiu
706 2611 973 2665 disiuncta
1032 2611 1268 2677 fuerat4,
1329 2629 1508 2664 mense
1568 2611 1817 2664 Ianuario
1878 2612 2050 2665 rediit.
2088 2620 2210 2664 1003.

186 2683 314 2753 (52.)
374 2683 444 2736 Et
490 2688 611 2750 post
654 2683 871 2751 nuptias
917 2683 1154 2736 marchio
1199 2683 1512 2736 Liutharius
1555 2685 1610 2735 in
1661 2683 1932 2736 occidente
1977 2685 2055 2735 in-

184 2753 427 2807 firmatus
480 2759 532 2807 et
582 2756 802 2822 pocione
848 2754 1109 2807 Paulina⁵
1154 2755 1453 2822 inebriatus
1507 2772 1569 2807 ex
1611 2755 1877 2823 inproviso
1925 2754 2056 2807 obiit

185 2888 222 2931 a)
243 2891 407 2921 inculsus
430 2899 518 2922 corr.
542 2890 707 2921 inemsus
733 2894 762 2921 1.
851 2889 891 2932 b)
914 2890 1063 2930 prodere
1087 2892 1118 2922 1.
1208 2890 1242 2932 c)
1266 2894 1414 2922 canatur
1437 2893 1468 2922 1.
1551 2889 1588 2931 d)
1611 2891 1727 2930 prima
1749 2891 1792 2921 B.

189 2997 229 3051 1)
273 2998 450 3042 Necrol.
481 3000 622 3042 Mers.
653 2997 769 3041 Nov.
796 2998 869 3042 13:
915 2997 1128 3042 Liukierd
1158 2998 1392 3042 cometissa
1423 2997 1548 3041 obiit.
1667 2997 1710 3050 2)
1756 2997 1851 3052 Quo
1880 2998 2056 3041 nomine

185 3067 276 3098 non
305 3055 598 3099 Liutharium
628 3057 837 3102 comitem,
878 3056 937 3099 W
937 3056 1116 3099 crnheri
1143 3069 1275 3099 avum
1309 3070 1349 3099 a.
1380 3056 1465 3098 964
1493 3060 1716 3098 mortuum
1744 3054 1850 3106 (VI,
1880 3055 1968 3105 43),
2002 3055 2056 3098 de

186 3124 271 3167 quo
300 3113 536 3168 Lappenb.
569 3113 796 3167 coqitavit,
839 3114 917 3157 secl
956 3113 1181 3156 erem-itam
1221 3113 1443 3169 quendam
1474 3114 1528 3155 26
1560 3125 1703 3155 annos
1738 3112 1805 3155 ibi
1831 3113 2055 3156 inclusum

187 3170 339 3213 notari
365 3175 570 3225 apparet.
686 3171 729 3220 3)
768 3171 808 3213 Ι.
835 3184 868 3213 e.
899 3171 1079 3213 irritum
1110 3170 1173 3223 fit.
1233 3172 1286 3213 L.
1403 3170 1447 3220 4)
1486 3168 1555 3222 Οἱ.
1585 3169 1676 3222 IV,
1706 3169 1774 3213 42.
1890 3167 1933 3217 5)
1968 3170 2054 3212 Po-

186 3227 346 3269 tionem
376 3227 624 3271 Paulinam
655 3227 875 3282 Aeqiclius
913 3227 1113 3271 medicus
1149 3240 1267 3270 saec.
1301 3227 1417 3269 XII.
1450 3225 1652 3270 eoeeuntis
1689 3226 1738 3269 in
1775 3226 1973 3270 carmine
2003 3226 2056 3269 de

186 3283 427 3327 virtutibus
474 3289 516 3328 et
559 3284 772 3327 laudibus
815 3285 1157 3329 medicaminum
1205 3283 1442 3337 composito
1487 3283 1659 3337 (Polyc.
1695 3285 1877 3336 Leyser,
1919 3281 2056 3328 ‘Risi

183 3345 300 3394 poet.
331 3346 372 3385 et
397 3354 540 3395 poem.
571 3341 709 3384 medii
744 3342 844 3385 aevi
855 3343 885 3395 ²,
918 3355 966 3396 p.
991 3341 1096 3392 629)
1123 3342 1239 3384 inter
1271 3341 1594 3384 medicamenta
1623 3338 1764 3393 refert
1774 3356 1787 3393 ,-
1836 3340 2057 3383 Nicolaus

190 3396 435 3453 Myrepsus
457 3397 926 3446 (‘Me0licamentorum
951 3398 1121 3452 opera’,
1145 3398 1292 3441 Basil.
1317 3397 1440 3447 1549,
1464 3397 1540 3450 fol.
1567 3397 1620 3439 de
1645 3397 1858 3441 antidotis
1879 3410 1948 3440 nr.
1971 3397 2058 3440 230

183 3466 232 3507 p.
256 3454 333 3506 74)
355 3455 486 3500 etiam
505 3456 818 3510 praeparandi
839 3455 962 3498 illius
986 3454 1295 3498 medicaminis
1317 3454 1534 3497 rationem
1558 3455 1740 3507 eaeponit
1760 3453 1838 3505 (cf.
1863 3452 2055 3497 ‘Jahrbss

189 3512 231 3563 I,
262 3512 379 3563 255),
450 3512 618 3555 Tamen
648 3512 960 3565 dubitaverim,
1002 3526 1064 3555 an
1104 3511 1283 3555 illorum
1324 3510 1512 3554 scientia
1543 3524 1595 3553 ecc
1625 3510 1707 3554 hoc
1738 3511 1830 3554 loco
1860 3510 2056 3564 fluxerit,

193 3567 474 3612 Thietmarus
518 3575 666 3613 autem
708 3569 901 3623 priorem
949 3567 994 3612 S.
1026 3568 1170 3611 Pauli
1212 3568 1273 3610 acl
1316 3567 1587 3611 Timotheum
1633 3569 1864 3622 epistolam
1913 3567 1962 3621 V,
2001 3568 2057 3612 23

189 3626 432 3679 respiciens
461 3626 578 3670 nihil
607 3626 734 3669 aliud
762 3639 898 3681 quam
926 3626 1080 3668 vinum
1113 3625 1291 3668 dz'aeerit.
