<?xml version="1.0" encoding="UTF-8"?>
<!DOCTYPE html PUBLIC "-//W3C//DTD XHTML 1.0 Transitional//EN"
    "http://www.w3.org/TR/xhtml1/DTD/xhtml1-transitional.dtd">
<html xmlns="http://www.w3.org/1999/xhtml" xml:lang="en" lang="en">
 <head>
  <title>
</title>
<meta http-equiv="Content-Type" content="text/html;charset=utf-8" />
  <meta name='ocr-system' content='tesseract 3.04.00' />
  <meta name='ocr-capabilities' content='ocr_page ocr_carea ocr_par ocr_line ocrx_word'/>
</head>
<body>
  <div class='ocr_page' id='page_1' title='image "./thietmarimersebu00thieuoft_0036.png"; bbox 0 0 2456 4036; ppageno 0'>
   <div class='ocr_carea' id='block_1_1' title="bbox 122 1827 355 1912">
    <p class='ocr_par' dir='ltr' id='par_1_1' title="bbox 122 1827 355 1912">
     <span class='ocr_line' id='line_1_1' title="bbox 122 1827 355 1867; baseline -0.009 -7"><span class='ocrx_word' id='word_1_1' title='bbox 122 1828 211 1860; x_wconf 76' lang='lat' dir='ltr'>Stat.</span> <span class='ocrx_word' id='word_1_2' title='bbox 222 1827 315 1860; x_wconf 83' lang='lat' dir='ltr'>Silv.</span> <span class='ocrx_word' id='word_1_3' title='bbox 326 1827 355 1867; x_wconf 90' lang='lat'>1,</span> 
     </span>
     <span class='ocr_line' id='line_1_2' title="bbox 156 1871 321 1912; baseline -0.006 -9"><span class='ocrx_word' id='word_1_4' title='bbox 156 1871 270 1912; x_wconf 82' lang='lat' dir='ltr'>epith.</span> <span class='ocrx_word' id='word_1_5' title='bbox 290 1872 321 1903; x_wconf 83' lang='grc' dir='ltr'>ὃ.</span> 
     </span>
    </p>
   </div>
   <div class='ocr_carea' id='block_1_2' title="bbox 121 2044 353 2163">
    <p class='ocr_par' dir='ltr' id='par_1_2' title="bbox 121 2044 353 2163">
     <span class='ocr_line' id='line_1_3' title="bbox 121 2044 353 2084; baseline -0.017 -6"><span class='ocrx_word' id='word_1_6' title='bbox 121 2044 219 2078; x_wconf 73' lang='lat' dir='ltr'>wid.</span> <span class='ocrx_word' id='word_1_7' title='bbox 245 2044 273 2084; x_wconf 87' lang='lat'>1,</span> <span class='ocrx_word' id='word_1_8' title='bbox 300 2044 353 2075; x_wconf 89' lang='lat'>30.</span> 
     </span>
     <span class='ocr_line' id='line_1_4' title="bbox 171 2109 306 2163; baseline -0.015 -9"><span class='ocrx_word' id='word_1_9' title='bbox 171 2109 306 2163; x_wconf 83' lang='lat'>(923).</span> 
     </span>
    </p>
   </div>
   <div class='ocr_carea' id='block_1_3' title="bbox 121 2260 353 2301">
    <p class='ocr_par' dir='ltr' id='par_1_3' title="bbox 121 2260 353 2301">
     <span class='ocr_line' id='line_1_5' title="bbox 121 2260 353 2301; baseline -0.017 -6"><span class='ocrx_word' id='word_1_10' title='bbox 121 2261 217 2295; x_wconf 72' lang='lat' dir='ltr'>wid.</span> <span class='ocrx_word' id='word_1_11' title='bbox 243 2260 273 2301; x_wconf 93' lang='lat'>1,</span> <span class='ocrx_word' id='word_1_12' title='bbox 300 2260 353 2292; x_wconf 89' lang='lat'>33.</span> 
     </span>
    </p>
   </div>
   <div class='ocr_carea' id='block_1_4' title="bbox 387 234 1733 285">
    <p class='ocr_par' dir='ltr' id='par_1_4' title="bbox 387 234 1733 285">
     <span class='ocr_line' id='line_1_6' title="bbox 387 234 1733 285; baseline -0.004 0"><span class='ocrx_word' id='word_1_13' title='bbox 387 241 442 285; x_wconf 85' lang='lat'>14</span> <span class='ocrx_word' id='word_1_14' title='bbox 909 235 1245 281; x_wconf 85' lang='lat' dir='ltr'><strong>THIETMARI</strong></span> <span class='ocrx_word' id='word_1_15' title='bbox 1277 234 1493 279; x_wconf 88' lang='lat' dir='ltr'>CHRON.</span> <span class='ocrx_word' id='word_1_16' title='bbox 1553 235 1665 280; x_wconf 91' lang='lat' dir='ltr'><strong>LIB.</strong></span> <span class='ocrx_word' id='word_1_17' title='bbox 1697 236 1733 280; x_wconf 92' lang='grc' dir='ltr'>Ι.</span> 
     </span>
    </p>
   </div>
   <div class='ocr_carea' id='block_1_5' title="bbox 377 360 2265 1722">
    <p class='ocr_par' dir='ltr' id='par_1_5' title="bbox 377 360 2265 1722">
     <span class='ocr_line' id='line_1_7' title="bbox 385 360 2257 433; baseline -0.001 -17"><span class='ocrx_word' id='word_1_18' title='bbox 385 366 537 417; x_wconf 84' lang='grc'>116166</span> <span class='ocrx_word' id='word_1_19' title='bbox 554 364 731 429; x_wconf 83' lang='lat' dir='ltr'>VI¹¹³*,</span> <span class='ocrx_word' id='word_1_20' title='bbox 758 363 989 417; x_wconf 88' lang='lat' dir='ltr'><strong>XVIIII.</strong></span> <span class='ocrx_word' id='word_1_21' title='bbox 1013 363 1077 415; x_wconf 83' lang='lat' dir='ltr'>K.</span> <span class='ocrx_word' id='word_1_22' title='bbox 1103 361 1353 414; x_wconf 88' lang='lat' dir='ltr'>Februar.</span> <span class='ocrx_word' id='word_1_23' title='bbox 1385 360 1560 433; x_wconf 91' lang='lat' dir='ltr'>[obiit]</span> <span class='ocrx_word' id='word_1_24' title='bbox 1579 362 1615 426; x_wconf 90' lang='lat'>¹,</span> <span class='ocrx_word' id='word_1_25' title='bbox 1642 363 1727 414; x_wconf 90' lang='lat' dir='ltr'>cui</span> <span class='ocrx_word' id='word_1_26' title='bbox 1744 362 2098 426; x_wconf 86' lang='lat' dir='ltr'>Bernhardus,</span> <span class='ocrx_word' id='word_1_27' title='bbox 2123 364 2257 416; x_wconf 87' lang='lat' dir='ltr'>eius-</span> 
     </span>
     <span class='ocr_line' id='line_1_8' title="bbox 385 430 2258 504; baseline -0.001 -15"><span class='ocrx_word' id='word_1_28' title='bbox 385 436 503 489; x_wconf 89' lang='lat' dir='ltr'>dem</span> <span class='ocrx_word' id='word_1_29' title='bbox 537 435 857 504; x_wconf 83' lang='lat' dir='ltr'>capellanus,</span> <span class='ocrx_word' id='word_1_30' title='bbox 890 434 1147 486; x_wconf 88' lang='lat' dir='ltr'>successit</span> <span class='ocrx_word' id='word_1_31' title='bbox 1159 430 1196 495; x_wconf 71' lang='grc'>2,</span> <span class='ocrx_word' id='word_1_32' title='bbox 1229 434 1367 484; x_wconf 88' lang='grc'>616111</span> <span class='ocrx_word' id='word_1_33' title='bbox 1397 434 1446 485; x_wconf 90' lang='grc'>61</span> <span class='ocrx_word' id='word_1_34' title='bbox 1475 438 1623 501; x_wconf 89' lang='lat' dir='ltr'>prius</span> <span class='ocrx_word' id='word_1_35' title='bbox 1653 435 1732 487; x_wconf 89' lang='lat' dir='ltr'>vir</span> <span class='ocrx_word' id='word_1_36' title='bbox 1762 439 1978 486; x_wconf 91' lang='lat' dir='ltr'>sanctus</span> <span class='ocrx_word' id='word_1_37' title='bbox 2008 433 2258 502; x_wconf 78' lang='lat' dir='ltr'><strong>predixit.</strong></span> 
     </span>
     <span class='ocr_line' id='line_1_9' title="bbox 385 503 2260 575; baseline 0 -17"><span class='ocrx_word' id='word_1_38' title='bbox 385 507 627 575; x_wconf 86' lang='lat' dir='ltr'>Namque</span> <span class='ocrx_word' id='word_1_39' title='bbox 679 507 724 558; x_wconf 88' lang='lat' dir='ltr'>is</span> <span class='ocrx_word' id='word_1_40' title='bbox 778 505 867 557; x_wconf 90' lang='lat' dir='ltr'>diu</span> <span class='ocrx_word' id='word_1_41' title='bbox 921 505 1163 556; x_wconf 89' lang='lat' dir='ltr'>infirmus</span> <span class='ocrx_word' id='word_1_42' title='bbox 1214 503 1358 555; x_wconf 89' lang='lat' dir='ltr'>videt</span> <span class='ocrx_word' id='word_1_43' title='bbox 1414 505 1471 556; x_wconf 90' lang='lat' dir='ltr'>in</span> <span class='ocrx_word' id='word_1_44' title='bbox 1529 507 1750 570; x_wconf 89' lang='lat' dir='ltr'>somnis,</span> <span class='ocrx_word' id='word_1_45' title='bbox 1811 505 1952 574; x_wconf 88' lang='lat' dir='ltr'>quod</span> <span class='ocrx_word' id='word_1_46' title='bbox 2011 506 2260 558; x_wconf 91' lang='lat' dir='ltr'>baculum</span> 
     </span>
     <span class='ocr_line' id='line_1_10' title="bbox 384 574 2260 646; baseline -0.001 -15"><span class='ocrx_word' id='word_1_47' title='bbox 384 578 708 646; x_wconf 88' lang='lat' dir='ltr'>pastoralem</span> <span class='ocrx_word' id='word_1_48' title='bbox 739 594 766 628; x_wconf 91' lang='lat' dir='ltr'>e</span> <span class='ocrx_word' id='word_1_49' title='bbox 797 576 1045 628; x_wconf 90' lang='lat' dir='ltr'>manibus</span> <span class='ocrx_word' id='word_1_50' title='bbox 1077 575 1188 626; x_wconf 89' lang='lat' dir='ltr'>suis</span> <span class='ocrx_word' id='word_1_51' title='bbox 1219 574 1461 642; x_wconf 87' lang='lat' dir='ltr'>elapsum</span> <span class='ocrx_word' id='word_1_52' title='bbox 1490 576 1832 630; x_wconf 89' lang='lat' dir='ltr'>Bernhardus</span> <span class='ocrx_word' id='word_1_53' title='bbox 1861 595 1999 645; x_wconf 91' lang='lat' dir='ltr'>pone</span> <span class='ocrx_word' id='word_1_54' title='bbox 2035 594 2260 646; x_wconf 88' lang='lat' dir='ltr'>sequens</span> 
     </span>
     <span class='ocr_line' id='line_1_11' title="bbox 384 646 2265 716; baseline -0.001 -14"><span class='ocrx_word' id='word_1_55' title='bbox 384 650 613 702; x_wconf 88' lang='lat' dir='ltr'>elevaret</span> <span class='ocrx_word' id='word_1_56' title='bbox 651 654 703 700; x_wconf 89' lang='lat' dir='ltr'>et</span> <span class='ocrx_word' id='word_1_57' title='bbox 740 649 795 699; x_wconf 93' lang='lat' dir='ltr'>in</span> <span class='ocrx_word' id='word_1_58' title='bbox 833 652 1019 714; x_wconf 91' lang='lat' dir='ltr'>aperto</span> <span class='ocrx_word' id='word_1_59' title='bbox 1049 650 1308 713; x_wconf 89' lang='lat' dir='ltr'>portaret.</span> <span class='ocrx_word' id='word_1_60' title='bbox 1367 646 1438 698; x_wconf 91' lang='lat' dir='ltr'>Et</span> <span class='ocrx_word' id='word_1_61' title='bbox 1469 649 1872 716; x_wconf 75' lang='lat' dir='ltr'>expergiscens²</span> <span class='ocrx_word' id='word_1_62' title='bbox 1905 650 2111 702; x_wconf 91' lang='lat' dir='ltr'>vocavit</span> <span class='ocrx_word' id='word_1_63' title='bbox 2140 666 2265 701; x_wconf 88' lang='lat' dir='ltr'>eum.</span> 
     </span>
     <span class='ocr_line' id='line_1_12' title="bbox 383 716 2260 788; baseline -0.001 -14"><span class='ocrx_word' id='word_1_64' title='bbox 383 721 450 774; x_wconf 91' lang='lat' dir='ltr'>ad</span> <span class='ocrx_word' id='word_1_65' title='bbox 483 739 554 785; x_wconf 90' lang='lat' dir='ltr'>se,</span> <span class='ocrx_word' id='word_1_66' title='bbox 589 720 791 771; x_wconf 88' lang='lat' dir='ltr'>dicens:</span> <span class='ocrx_word' id='word_1_67' title='bbox 826 718 992 771; x_wconf 86' lang='lat' dir='ltr'>‘Vade</span> <span class='ocrx_word' id='word_1_68' title='bbox 1024 716 1094 769; x_wconf 90' lang='lat' dir='ltr'>ad</span> <span class='ocrx_word' id='word_1_69' title='bbox 1122 721 1326 770; x_wconf 91' lang='lat' dir='ltr'>curtem</span> <span class='ocrx_word' id='word_1_70' title='bbox 1356 718 1574 786; x_wconf 85' lang='lat' dir='ltr'>regiam,</span> <span class='ocrx_word' id='word_1_71' title='bbox 1608 736 1819 772; x_wconf 90' lang='lat' dir='ltr'>sumens</span> <span class='ocrx_word' id='word_1_72' title='bbox 1850 737 1914 772; x_wconf 86' lang='lat' dir='ltr'>ex</span> <span class='ocrx_word' id='word_1_73' title='bbox 1945 738 2066 773; x_wconf 90' lang='lat' dir='ltr'>mea</span> <span class='ocrx_word' id='word_1_74' title='bbox 2093 726 2260 788; x_wconf 90' lang='lat' dir='ltr'>parte,</span> 
     </span>
     <span class='ocr_line' id='line_1_13' title="bbox 383 789 2261 860; baseline -0.001 -15"><span class='ocrx_word' id='word_1_75' title='bbox 383 810 519 860; x_wconf 90' lang='lat' dir='ltr'>quae</span> <span class='ocrx_word' id='word_1_76' title='bbox 551 790 650 843; x_wconf 90' lang='lat' dir='ltr'>tibi</span> <span class='ocrx_word' id='word_1_77' title='bbox 681 790 788 842; x_wconf 90' lang='lat' dir='ltr'>sint</span> <span class='ocrx_word' id='word_1_78' title='bbox 819 789 888 841; x_wconf 92' lang='lat' dir='ltr'>ad</span> <span class='ocrx_word' id='word_1_79' title='bbox 919 789 1047 842; x_wconf 91' lang='lat' dir='ltr'>haec</span> <span class='ocrx_word' id='word_1_80' title='bbox 1079 789 1397 853; x_wconf 89' lang='lat' dir='ltr'>necessaria,</span> <span class='ocrx_word' id='word_1_81' title='bbox 1436 795 1489 841; x_wconf 92' lang='lat' dir='ltr'>et</span> <span class='ocrx_word' id='word_1_82' title='bbox 1518 790 1736 858; x_wconf 90' lang='lat' dir='ltr'>acquire</span> <span class='ocrx_word' id='word_1_83' title='bbox 1766 792 1997 859; x_wconf 76' lang='lat' dir='ltr'>gratiam</span> <span class='ocrx_word' id='word_1_84' title='bbox 2029 796 2083 844; x_wconf 92' lang='lat' dir='ltr'>et</span> <span class='ocrx_word' id='word_1_85' title='bbox 2112 792 2261 844; x_wconf 86' lang='lat' dir='ltr'>auxi-</span> 
     </span>
     <span class='ocr_line' id='line_1_14' title="bbox 380 860 2260 929; baseline 0.001 -14"><span class='ocrx_word' id='word_1_86' title='bbox 380 864 512 915; x_wconf 91' lang='lat' dir='ltr'>lium</span> <span class='ocrx_word' id='word_1_87' title='bbox 549 862 625 914; x_wconf 92' lang='lat' dir='ltr'>ibi</span> <span class='ocrx_word' id='word_1_88' title='bbox 663 862 859 929; x_wconf 90' lang='lat' dir='ltr'>optime</span> <span class='ocrx_word' id='word_1_89' title='bbox 887 861 1191 925; x_wconf 84' lang='lat' dir='ltr'>valentium,</span> <span class='ocrx_word' id='word_1_90' title='bbox 1231 865 1292 912; x_wconf 90' lang='lat' dir='ltr'>ut</span> <span class='ocrx_word' id='word_1_91' title='bbox 1327 860 1428 913; x_wconf 88' lang='lat' dir='ltr'>tibi</span> <span class='ocrx_word' id='word_1_92' title='bbox 1458 860 1618 913; x_wconf 90' lang='lat' dir='ltr'>liceat</span> <span class='ocrx_word' id='word_1_93' title='bbox 1647 863 1762 914; x_wconf 89' lang='lat' dir='ltr'>sine</span> <span class='ocrx_word' id='word_1_94' title='bbox 1794 864 1940 915; x_wconf 91' lang='lat' dir='ltr'>omni</span> <span class='ocrx_word' id='word_1_95' title='bbox 1971 862 2260 917; x_wconf 87' lang='lat' dir='ltr'>offensione</span> 
     </span>
     <span class='ocr_line' id='line_1_15' title="bbox 382 931 2260 1005; baseline 0.001 -19"><span class='ocrx_word' id='word_1_96' title='bbox 382 935 512 986; x_wconf 92' lang='lat' dir='ltr'>mihi</span> <span class='ocrx_word' id='word_1_97' title='bbox 561 932 860 986; x_wconf 83' lang='lat' dir='ltr'>succedere.</span> <span class='ocrx_word' id='word_1_98' title='bbox 950 931 1257 985; x_wconf 89' lang='lat' dir='ltr'>Providebit</span> <span class='ocrx_word' id='word_1_99' title='bbox 1305 933 1445 985; x_wconf 91' lang='lat' dir='ltr'>enim</span> <span class='ocrx_word' id='word_1_100' title='bbox 1494 933 1626 985; x_wconf 92' lang='lat' dir='ltr'>haec</span> <span class='ocrx_word' id='word_1_101' title='bbox 1673 934 1851 986; x_wconf 91' lang='lat' dir='ltr'>omnia</span> <span class='ocrx_word' id='word_1_102' title='bbox 1906 933 2046 1005; x_wconf 85' lang='lat' dir='ltr'>[tibi]</span> <span class='ocrx_word' id='word_1_103' title='bbox 2098 934 2260 1000; x_wconf 89' lang='lat' dir='ltr'>Deus,</span> 
     </span>
     <span class='ocr_line' id='line_1_16' title="bbox 381 1004 2262 1059; baseline 0.001 -1"><span class='ocrx_word' id='word_1_104' title='bbox 381 1006 572 1059; x_wconf 90' lang='lat' dir='ltr'>dilecte</span> <span class='ocrx_word' id='word_1_105' title='bbox 610 1004 727 1057; x_wconf 61' lang='lat' dir='ltr'>fili?</span> <span class='ocrx_word' id='word_1_106' title='bbox 806 1004 1055 1057; x_wconf 86' lang='lat' dir='ltr'>Edictum</span> <span class='ocrx_word' id='word_1_107' title='bbox 1087 1005 1253 1057; x_wconf 89' lang='lat' dir='ltr'>amati</span> <span class='ocrx_word' id='word_1_108' title='bbox 1284 1004 1510 1058; x_wconf 89' lang='lat' dir='ltr'>senioris</span> <span class='ocrx_word' id='word_1_109' title='bbox 1543 1005 1849 1059; x_wconf 75' lang='lat' dir='ltr'>obeditione</span> <span class='ocrx_word' id='word_1_110' title='bbox 1878 1005 2070 1059; x_wconf 89' lang='lat' dir='ltr'>humili</span> <span class='ocrx_word' id='word_1_111' title='bbox 2098 1007 2262 1059; x_wconf 88' lang='lat' dir='ltr'>Bern-</span> 
     </span>
     <span class='ocr_line' id='line_1_17' title="bbox 379 1074 2261 1148; baseline 0.001 -19"><span class='ocrx_word' id='word_1_112' title='bbox 379 1077 579 1131; x_wconf 90' lang='lat' dir='ltr'>hardus</span> <span class='ocrx_word' id='word_1_113' title='bbox 627 1074 790 1148; x_wconf 88' lang='lat' dir='ltr'>[mox]</span> <span class='ocrx_word' id='word_1_114' title='bbox 839 1077 1130 1144; x_wconf 82' lang='lat' dir='ltr'>complenS,</span> <span class='ocrx_word' id='word_1_115' title='bbox 1182 1075 1307 1128; x_wconf 92' lang='lat' dir='ltr'>dum</span> <span class='ocrx_word' id='word_1_116' title='bbox 1346 1094 1378 1129; x_wconf 90' lang='lat' dir='ltr'>a</span> <span class='ocrx_word' id='word_1_117' title='bbox 1416 1094 1538 1144; x_wconf 85' lang='lat' dir='ltr'>rege</span> <span class='ocrx_word' id='word_1_118' title='bbox 1576 1077 1862 1130; x_wconf 76' lang='lat' dir='ltr'>Heinricob</span> <span class='ocrx_word' id='word_1_119' title='bbox 1889 1083 2261 1143; x_wconf 86' lang='lat' dir='ltr'>reverteretur,</span> 
     </span>
     <span class='ocr_line' id='line_1_18' title="bbox 379 1148 2262 1218; baseline 0.001 -17"><span class='ocrx_word' id='word_1_120' title='bbox 379 1150 662 1218; x_wconf 86' lang='lat' dir='ltr'>comperit,</span> <span class='ocrx_word' id='word_1_121' title='bbox 709 1148 983 1201; x_wconf 89' lang='lat' dir='ltr'>dominum</span> <span class='ocrx_word' id='word_1_122' title='bbox 1020 1148 1215 1201; x_wconf 77' lang='lat' dir='ltr'>suimet</span> <span class='ocrx_word' id='word_1_123' title='bbox 1252 1154 1306 1201; x_wconf 90' lang='lat' dir='ltr'>et</span> <span class='ocrx_word' id='word_1_124' title='bbox 1340 1153 1547 1217; x_wconf 88' lang='lat' dir='ltr'>patrem</span> <span class='ocrx_word' id='word_1_125' title='bbox 1586 1148 1652 1202; x_wconf 90' lang='lat' dir='ltr'>de</span> <span class='ocrx_word' id='word_1_126' title='bbox 1689 1149 1791 1201; x_wconf 91' lang='lat' dir='ltr'>hac</span> <span class='ocrx_word' id='word_1_127' title='bbox 1829 1150 1947 1203; x_wconf 90' lang='lat' dir='ltr'>luce</span> <span class='ocrx_word' id='word_1_128' title='bbox 1991 1150 2262 1204; x_wconf 88' lang='lat' dir='ltr'>tricesimo</span> 
     </span>
     <span class='ocr_line' id='line_1_19' title="bbox 380 1220 2262 1290; baseline 0.001 -17"><span class='ocrx_word' id='word_1_129' title='bbox 380 1221 733 1275; x_wconf 78' lang='lat' dir='ltr'>ordinationis</span> <span class='ocrx_word' id='word_1_130' title='bbox 773 1237 902 1273; x_wconf 90' lang='lat' dir='ltr'>suae</span> <span class='ocrx_word' id='word_1_131' title='bbox 941 1237 1079 1273; x_wconf 91' lang='lat' dir='ltr'>anno</span> <span class='ocrx_word' id='word_1_132' title='bbox 1119 1220 1188 1272; x_wconf 89' lang='lat' dir='ltr'>ad</span> <span class='ocrx_word' id='word_1_133' title='bbox 1227 1220 1502 1274; x_wconf 80' lang='lat' dir='ltr'>Christum</span> <span class='ocrx_word' id='word_1_134' title='bbox 1539 1221 1819 1289; x_wconf 82' lang='lat' dir='ltr'>migrasse3</span> <span class='ocrx_word' id='word_1_135' title='bbox 1864 1227 1917 1275; x_wconf 92' lang='lat' dir='ltr'>et</span> <span class='ocrx_word' id='word_1_136' title='bbox 1953 1239 2075 1274; x_wconf 88' lang='lat' dir='ltr'>mox</span> <span class='ocrx_word' id='word_1_137' title='bbox 2112 1239 2262 1290; x_wconf 89' lang='lat' dir='ltr'>repe-</span> 
     </span>
     <span class='ocr_line' id='line_1_20' title="bbox 378 1291 2260 1364; baseline 0.001 -18"><span class='ocrx_word' id='word_1_138' title='bbox 378 1293 535 1359; x_wconf 81' lang='lat' dir='ltr'>danS,</span> <span class='ocrx_word' id='word_1_139' title='bbox 595 1291 825 1364; x_wconf 86' lang='lat' dir='ltr'>predicti</span> <span class='ocrx_word' id='word_1_140' title='bbox 874 1293 1018 1360; x_wconf 87' lang='lat' dir='ltr'>regis</span> <span class='ocrx_word' id='word_1_141' title='bbox 1072 1309 1314 1357; x_wconf 91' lang='lat' dir='ltr'>munere,</span> <span class='ocrx_word' id='word_1_142' title='bbox 1375 1292 1521 1361; x_wconf 90' lang='lat' dir='ltr'>quod</span> <span class='ocrx_word' id='word_1_143' title='bbox 1577 1293 1838 1362; x_wconf 91' lang='lat' dir='ltr'>postulat,</span> <span class='ocrx_word' id='word_1_144' title='bbox 1900 1295 2260 1363; x_wconf 88' lang='lat' dir='ltr'>consequitur.</span> 
     </span>
     <span class='ocr_line' id='line_1_21' title="bbox 377 1364 2262 1435; baseline 0.001 -17"><span class='ocrx_word' id='word_1_145' title='bbox 377 1365 619 1419; x_wconf 90' lang='lat' dir='ltr'>Positum</span> <span class='ocrx_word' id='word_1_146' title='bbox 665 1370 746 1419; x_wconf 90' lang='lat' dir='ltr'>est</span> <span class='ocrx_word' id='word_1_147' title='bbox 790 1370 971 1417; x_wconf 87' lang='lat' dir='ltr'>autem</span> <span class='ocrx_word' id='word_1_148' title='bbox 1015 1381 1210 1433; x_wconf 88' lang='lat' dir='ltr'>corpus</span> <span class='ocrx_word' id='word_1_149' title='bbox 1254 1364 1451 1433; x_wconf 88' lang='lat' dir='ltr'>prefati</span> <span class='ocrx_word' id='word_1_150' title='bbox 1487 1365 1717 1434; x_wconf 89' lang='lat' dir='ltr'>presulis</span> <span class='ocrx_word' id='word_1_151' title='bbox 1754 1367 1809 1418; x_wconf 93' lang='lat' dir='ltr'>in</span> <span class='ocrx_word' id='word_1_152' title='bbox 1847 1365 2066 1419; x_wconf 88' lang='lat' dir='ltr'>dextera</span> <span class='ocrx_word' id='word_1_153' title='bbox 2109 1371 2262 1435; x_wconf 89' lang='lat' dir='ltr'>parte</span> 
     </span>
     <span class='ocr_line' id='line_1_22' title="bbox 377 1435 2262 1509; baseline 0.001 -19"><span class='ocrx_word' id='word_1_154' title='bbox 377 1438 567 1490; x_wconf 90' lang='lat' dir='ltr'>altaris</span> <span class='ocrx_word' id='word_1_155' title='bbox 613 1438 814 1491; x_wconf 86' lang='lat' dir='ltr'>Christi</span> <span class='ocrx_word' id='word_1_156' title='bbox 858 1436 1252 1504; x_wconf 87' lang='lat' dir='ltr'>protomartiris</span> <span class='ocrx_word' id='word_1_157' title='bbox 1305 1435 1381 1508; x_wconf 84' lang='lat' dir='ltr'>[in</span> <span class='ocrx_word' id='word_1_158' title='bbox 1427 1435 1599 1504; x_wconf 85' lang='lat' dir='ltr'>gradu</span> <span class='ocrx_word' id='word_1_159' title='bbox 1646 1437 1984 1509; x_wconf 90' lang='lat' dir='ltr'>preiacenti],</span> <span class='ocrx_word' id='word_1_160' title='bbox 2037 1443 2098 1491; x_wconf 92' lang='lat' dir='ltr'>ut</span> <span class='ocrx_word' id='word_1_161' title='bbox 2147 1439 2262 1508; x_wconf 85' lang='lat' dir='ltr'>ipse</span> 
     </span>
     <span class='ocr_line' id='line_1_23' title="bbox 378 1508 2260 1579; baseline 0.001 -17"><span class='ocrx_word' id='word_1_162' title='bbox 378 1515 539 1562; x_wconf 87' lang='lat' dir='ltr'>antea</span> <span class='ocrx_word' id='word_1_163' title='bbox 552 1509 985 1579; x_wconf 85' lang='lat' dir='ltr'>premonstravit,</span> <span class='ocrx_word' id='word_1_164' title='bbox 1010 1525 1115 1560; x_wconf 92' lang='lat' dir='ltr'>non</span> <span class='ocrx_word' id='word_1_165' title='bbox 1130 1508 1370 1573; x_wconf 90' lang='lat' dir='ltr'>iacendo,</span> <span class='ocrx_word' id='word_1_166' title='bbox 1395 1508 1490 1561; x_wconf 87' lang='lat' dir='ltr'>sed</span> <span class='ocrx_word' id='word_1_167' title='bbox 1505 1526 1667 1576; x_wconf 89' lang='lat' dir='ltr'>supra</span> <span class='ocrx_word' id='word_1_168' title='bbox 1686 1508 1996 1562; x_wconf 90' lang='lat' dir='ltr'>cathedram</span> <span class='ocrx_word' id='word_1_169' title='bbox 2012 1509 2260 1572; x_wconf 85' lang='lat' dir='ltr'>sedendO,</span> 
     </span>
     <span class='ocr_line' id='line_1_24' title="bbox 377 1580 2260 1651; baseline 0.001 -17"><span class='ocrx_word' id='word_1_170' title='bbox 377 1599 600 1650; x_wconf 89' lang='lat' dir='ltr'>sperans</span> <span class='ocrx_word' id='word_1_171' title='bbox 631 1600 687 1636; x_wconf 90' lang='lat' dir='ltr'>se</span> <span class='ocrx_word' id='word_1_172' title='bbox 715 1580 930 1651; x_wconf 89' lang='lat' dir='ltr'>patroni</span> <span class='ocrx_word' id='word_1_173' title='bbox 961 1580 1158 1633; x_wconf 90' lang='lat' dir='ltr'>suimet</span> <span class='ocrx_word' id='word_1_174' title='bbox 1188 1580 1570 1633; x_wconf 88' lang='lat' dir='ltr'>intercessione</span> <span class='ocrx_word' id='word_1_175' title='bbox 1593 1586 1781 1634; x_wconf 89' lang='lat' dir='ltr'>sancta</span> <span class='ocrx_word' id='word_1_176' title='bbox 1811 1586 1863 1634; x_wconf 90' lang='lat' dir='ltr'>et</span> <span class='ocrx_word' id='word_1_177' title='bbox 1885 1581 2260 1636; x_wconf 88' lang='lat' dir='ltr'>benediccione</span> 
     </span>
     <span class='ocr_line' id='line_1_25' title="bbox 380 1652 1400 1722; baseline -0.001 -17"><span class='ocrx_word' id='word_1_178' title='bbox 380 1654 702 1707; x_wconf 84' lang='lat' dir='ltr'>sacerdotali</span> <span class='ocrx_word' id='word_1_179' title='bbox 739 1652 1125 1722; x_wconf 89' lang='lat' dir='ltr'>perpetualiter</span> <span class='ocrx_word' id='word_1_180' title='bbox 1161 1652 1400 1722; x_wconf 89' lang='lat' dir='ltr'>muniri.]</span> 
     </span>
    </p>
   </div>
   <div class='ocr_carea' id='block_1_6' title="bbox 375 1738 2264 2674">
    <p class='ocr_par' dir='ltr' id='par_1_6' title="bbox 375 1738 2264 2674">
     <span class='ocr_line' id='line_1_26' title="bbox 521 1738 2260 1810; baseline 0 -17"><span class='ocrx_word' id='word_1_181' title='bbox 521 1742 604 1794; x_wconf 82' lang='lat'>23.</span> <span class='ocrx_word' id='word_1_182' title='bbox 646 1738 779 1810; x_wconf 86' lang='lat'>(13.)</span> <span class='ocrx_word' id='word_1_183' title='bbox 832 1738 1125 1808; x_wconf 73' lang='lat' dir='ltr'>s‘Qualiter</span> <span class='ocrx_word' id='word_1_184' title='bbox 1159 1738 1460 1791; x_wconf 86' lang='lat' dir='ltr'>misericors</span> <span class='ocrx_word' id='word_1_185' title='bbox 1496 1739 1636 1791; x_wconf 91' lang='lat' dir='ltr'>Deus</span> <span class='ocrx_word' id='word_1_186' title='bbox 1667 1738 1967 1807; x_wconf 87' lang='lat' dir='ltr'>predictum</span> <span class='ocrx_word' id='word_1_187' title='bbox 1998 1757 2174 1808; x_wconf 87' lang='lat' dir='ltr'>regem</span> <span class='ocrx_word' id='word_1_188' title='bbox 2205 1741 2260 1792; x_wconf 91' lang='lat' dir='ltr'>in</span> 
     </span>
     <span class='ocr_line' id='line_1_27' title="bbox 379 1810 2262 1881; baseline 0 -16"><span class='ocrx_word' id='word_1_189' title='bbox 379 1813 567 1866; x_wconf 91' lang='lat' dir='ltr'>diebus</span> <span class='ocrx_word' id='word_1_190' title='bbox 606 1812 718 1865; x_wconf 90' lang='lat' dir='ltr'>suis</span> <span class='ocrx_word' id='word_1_191' title='bbox 755 1811 1067 1880; x_wconf 79' lang='lat' dir='ltr'>respexerit,</span> <span class='ocrx_word' id='word_1_192' title='bbox 1113 1812 1358 1878; x_wconf 89' lang='lat' dir='ltr'>quamvis</span> <span class='ocrx_word' id='word_1_193' title='bbox 1396 1810 1460 1863; x_wconf 90' lang='lat' dir='ltr'>de</span> <span class='ocrx_word' id='word_1_194' title='bbox 1500 1811 1677 1864; x_wconf 84' lang='lat' dir='ltr'>Pierio</span> <span class='ocrx_word' id='word_1_195' title='bbox 1704 1810 1856 1881; x_wconf 84' lang='lat' dir='ltr'>fonte</span> <span class='ocrx_word' id='word_1_196' title='bbox 1894 1811 1971 1864; x_wconf 92' lang='lat' dir='ltr'>nil</span> <span class='ocrx_word' id='word_1_197' title='bbox 2007 1830 2262 1881; x_wconf 89' lang='lat' dir='ltr'>umquam</span> 
     </span>
     <span class='ocr_line' id='line_1_28' title="bbox 378 1881 2258 1954; baseline 0 -16"><span class='ocrx_word' id='word_1_198' title='bbox 378 1885 620 1950; x_wconf 90' lang='lat' dir='ltr'>biberim,</span> <span class='ocrx_word' id='word_1_199' title='bbox 660 1884 865 1937; x_wconf 90' lang='lat' dir='ltr'>cunctis</span> <span class='ocrx_word' id='word_1_200' title='bbox 907 1881 1130 1954; x_wconf 90' lang='lat' dir='ltr'>[tamen]</span> <span class='ocrx_word' id='word_1_201' title='bbox 1172 1881 1420 1935; x_wconf 90' lang='lat' dir='ltr'>fidelibus</span> <span class='ocrx_word' id='word_1_202' title='bbox 1458 1884 1805 1937; x_wconf 85' lang='lat' dir='ltr'>innotescam.</span> <span class='ocrx_word' id='word_1_203' title='bbox 1880 1884 2005 1936; x_wconf 88' lang='lat' dir='ltr'>Fuit</span> <span class='ocrx_word' id='word_1_204' title='bbox 2040 1885 2096 1936; x_wconf 92' lang='lat' dir='ltr'>in</span> <span class='ocrx_word' id='word_1_205' title='bbox 2125 1885 2258 1938; x_wconf 92' lang='lat' dir='ltr'>occi-</span> 
     </span>
     <span class='ocr_line' id='line_1_29' title="bbox 378 1954 2260 2025; baseline -0.001 -14"><span class='ocrx_word' id='word_1_206' title='bbox 378 1958 498 2011; x_wconf 92' lang='lat' dir='ltr'>duis</span> <span class='ocrx_word' id='word_1_207' title='bbox 531 1956 773 2025; x_wconf 89' lang='lat' dir='ltr'>partibus</span> <span class='ocrx_word' id='word_1_208' title='bbox 804 1956 1022 2024; x_wconf 88' lang='lat' dir='ltr'>quidam</span> <span class='ocrx_word' id='word_1_209' title='bbox 1053 1973 1165 2021; x_wconf 82' lang='lat' dir='ltr'>reX,</span> <span class='ocrx_word' id='word_1_210' title='bbox 1198 1954 1294 2007; x_wconf 69' lang='lat' dir='ltr'>abc</span> <span class='ocrx_word' id='word_1_211' title='bbox 1325 1956 1515 2008; x_wconf 89' lang='lat' dir='ltr'>incolis</span> <span class='ocrx_word' id='word_1_212' title='bbox 1542 1955 1670 2008; x_wconf 87' lang='lat' dir='ltr'>Karl</span> <span class='ocrx_word' id='word_1_213' title='bbox 1695 1955 1802 2019; x_wconf 87' lang='lat' dir='ltr'>Sot,</span> <span class='ocrx_word' id='word_1_214' title='bbox 1832 1955 1886 2008; x_wconf 89' lang='lat' dir='ltr'>id</span> <span class='ocrx_word' id='word_1_215' title='bbox 1912 1961 1993 2008; x_wconf 89' lang='lat' dir='ltr'>est</span> <span class='ocrx_word' id='word_1_216' title='bbox 2015 1956 2260 2023; x_wconf 83' lang='grc'>6101111116,</span> 
     </span>
     <span class='ocr_line' id='line_1_30' title="bbox 379 2026 2264 2096; baseline -0.001 -14"><span class='ocrx_word' id='word_1_217' title='bbox 379 2031 577 2082; x_wconf 90' lang='lat' dir='ltr'>ironice</span> <span class='ocrx_word' id='word_1_218' title='bbox 610 2027 896 2091; x_wconf 78' lang='lat' dir='ltr'>dictus⁰·³,</span> <span class='ocrx_word' id='word_1_219' title='bbox 935 2027 1030 2096; x_wconf 91' lang='lat' dir='ltr'>qui</span> <span class='ocrx_word' id='word_1_220' title='bbox 1060 2026 1128 2080; x_wconf 89' lang='lat' dir='ltr'>ab</span> <span class='ocrx_word' id='word_1_221' title='bbox 1161 2044 1266 2078; x_wconf 91' lang='lat' dir='ltr'>uno</span> <span class='ocrx_word' id='word_1_222' title='bbox 1299 2027 1492 2080; x_wconf 90' lang='lat' dir='ltr'>suimet</span> <span class='ocrx_word' id='word_1_223' title='bbox 1520 2026 1751 2080; x_wconf 82' lang='lat' dir='ltr'>ducum4</span> <span class='ocrx_word' id='word_1_224' title='bbox 1787 2032 1990 2096; x_wconf 89' lang='lat' dir='ltr'>captus,</span> <span class='ocrx_word' id='word_1_225' title='bbox 2030 2028 2264 2082; x_wconf 90' lang='lat' dir='ltr'>tenebris</span> 
     </span>
     <span class='ocr_line' id='line_1_31' title="bbox 375 2098 2263 2169; baseline -0.001 -14"><span class='ocrx_word' id='word_1_226' title='bbox 375 2101 670 2155; x_wconf 87' lang='lat' dir='ltr'>includitur</span> <span class='ocrx_word' id='word_1_227' title='bbox 715 2099 1092 2153; x_wconf 80' lang='lat' dir='ltr'>carceralibus,</span> <span class='ocrx_word' id='word_1_228' title='bbox 1182 2098 1284 2151; x_wconf 92' lang='lat' dir='ltr'>Hic</span> <span class='ocrx_word' id='word_1_229' title='bbox 1328 2099 1568 2152; x_wconf 92' lang='lat' dir='ltr'>Heinrici</span> <span class='ocrx_word' id='word_1_230' title='bbox 1616 2100 1757 2167; x_wconf 90' lang='lat' dir='ltr'>regis</span> <span class='ocrx_word' id='word_1_231' title='bbox 1809 2101 2001 2164; x_wconf 89' lang='lat' dir='ltr'>nostri,</span> <span class='ocrx_word' id='word_1_232' title='bbox 2054 2101 2263 2169; x_wconf 88' lang='lat' dir='ltr'>nepotis</span> 
     </span>
     <span class='ocr_line' id='line_1_32' title="bbox 378 2170 2263 2241; baseline -0.002 -14"><span class='ocrx_word' id='word_1_233' title='bbox 378 2179 557 2227; x_wconf 90' lang='lat' dir='ltr'>autem</span> <span class='ocrx_word' id='word_1_234' title='bbox 597 2173 739 2237; x_wconf 85' lang='lat' dir='ltr'>sui5,</span> <span class='ocrx_word' id='word_1_235' title='bbox 785 2172 1060 2241; x_wconf 89' lang='lat' dir='ltr'>inplorans</span> <span class='ocrx_word' id='word_1_236' title='bbox 1099 2171 1424 2236; x_wconf 74' lang='lat' dir='ltr'>auxiliumd,</span> <span class='ocrx_word' id='word_1_237' title='bbox 1473 2171 1747 2224; x_wconf 85' lang='lat' dir='ltr'>dexteram</span> <span class='ocrx_word' id='word_1_238' title='bbox 1788 2170 1987 2224; x_wconf 87' lang='lat' dir='ltr'>Christi</span> <span class='ocrx_word' id='word_1_239' title='bbox 2027 2173 2263 2225; x_wconf 89' lang='lat' dir='ltr'>martiris</span> 
     </span>
     <span class='ocr_line' id='line_1_33' title="bbox 379 2243 2261 2312; baseline -0.001 -14"><span class='ocrx_word' id='word_1_240' title='bbox 379 2245 610 2298; x_wconf 90' lang='lat' dir='ltr'>Dionisii</span> <span class='ocrx_word' id='word_1_241' title='bbox 666 2250 720 2296; x_wconf 90' lang='lat' dir='ltr'>et</span> <span class='ocrx_word' id='word_1_242' title='bbox 768 2262 890 2296; x_wconf 92' lang='lat' dir='ltr'>cum</span> <span class='ocrx_word' id='word_1_243' title='bbox 939 2260 1004 2296; x_wconf 92' lang='lat' dir='ltr'>ea</span> <span class='ocrx_word' id='word_1_244' title='bbox 1054 2260 1209 2296; x_wconf 89' lang='lat' dir='ltr'>omne</span> <span class='ocrx_word' id='word_1_245' title='bbox 1261 2260 1482 2312; x_wconf 86' lang='lat' dir='ltr'>regnum</span> <span class='ocrx_word' id='word_1_246' title='bbox 1530 2243 1932 2309; x_wconf 89' lang='lat' dir='ltr'>Luthariorum,</span> <span class='ocrx_word' id='word_1_247' title='bbox 1993 2245 2039 2296; x_wconf 91' lang='lat' dir='ltr'>si</span> <span class='ocrx_word' id='word_1_248' title='bbox 2084 2243 2152 2296; x_wconf 93' lang='lat' dir='ltr'>ab</span> <span class='ocrx_word' id='word_1_249' title='bbox 2198 2261 2261 2297; x_wconf 92' lang='lat' dir='ltr'>eo</span> 
     </span>
     <span class='ocr_line' id='line_1_34' title="bbox 375 2315 2259 2384; baseline -0.002 -13"><span class='ocrx_word' id='word_1_250' title='bbox 375 2318 713 2382; x_wconf 88' lang='lat' dir='ltr'>liberaretur,</span> <span class='ocrx_word' id='word_1_251' title='bbox 747 2315 850 2369; x_wconf 89' lang='lat' dir='ltr'>sibi</span> <span class='ocrx_word' id='word_1_252' title='bbox 880 2316 1208 2368; x_wconf 86' lang='lat' dir='ltr'>traditurum</span> <span class='ocrx_word' id='word_1_253' title='bbox 1240 2316 1590 2369; x_wconf 88' lang='lat' dir='ltr'>sacramentis</span> <span class='ocrx_word' id='word_1_254' title='bbox 1620 2316 1878 2384; x_wconf 89' lang='lat' dir='ltr'>promisit.</span> <span class='ocrx_word' id='word_1_255' title='bbox 1953 2315 2064 2368; x_wconf 89' lang='lat' dir='ltr'>Nec</span> <span class='ocrx_word' id='word_1_256' title='bbox 2094 2333 2259 2382; x_wconf 84' lang='lat' dir='ltr'>mora,</span> 
     </span>
     <span class='ocr_line' id='line_1_35' title="bbox 376 2387 2261 2456; baseline -0.002 -13"><span class='ocrx_word' id='word_1_257' title='bbox 376 2390 593 2443; x_wconf 90' lang='lat' dir='ltr'>inclitus</span> <span class='ocrx_word' id='word_1_258' title='bbox 623 2389 776 2442; x_wconf 90' lang='lat' dir='ltr'>miles</span> <span class='ocrx_word' id='word_1_259' title='bbox 807 2387 1172 2441; x_wconf 88' lang='lat' dir='ltr'>invictricibus</span> <span class='ocrx_word' id='word_1_260' title='bbox 1204 2405 1259 2440; x_wconf 92' lang='lat' dir='ltr'>se</span> <span class='ocrx_word' id='word_1_261' title='bbox 1290 2388 1456 2440; x_wconf 91' lang='lat' dir='ltr'>armis</span> <span class='ocrx_word' id='word_1_262' title='bbox 1488 2388 1921 2456; x_wconf 81' lang='lat' dir='ltr'>circumcingenS,</span> <span class='ocrx_word' id='word_1_263' title='bbox 1960 2389 2261 2456; x_wconf 88' lang='lat' dir='ltr'>proximum</span> 
     </span>
     <span class='ocr_line' id='line_1_36' title="bbox 377 2460 2262 2528; baseline -0.001 -14"><span class='ocrx_word' id='word_1_264' title='bbox 377 2462 712 2515; x_wconf 88' lang='lat' dir='ltr'>laborantem</span> <span class='ocrx_word' id='word_1_265' title='bbox 743 2462 940 2525; x_wconf 87' lang='lat' dir='ltr'>visitat,</span> <span class='ocrx_word' id='word_1_266' title='bbox 974 2465 1028 2512; x_wconf 92' lang='lat' dir='ltr'>et</span> <span class='ocrx_word' id='word_1_267' title='bbox 1057 2460 1111 2512; x_wconf 90' lang='lat' dir='ltr'>in</span> <span class='ocrx_word' id='word_1_268' title='bbox 1144 2460 1420 2528; x_wconf 92' lang='lat' dir='ltr'>erepcione</span> <span class='ocrx_word' id='word_1_269' title='bbox 1452 2460 1566 2512; x_wconf 91' lang='lat' dir='ltr'>eius</span> <span class='ocrx_word' id='word_1_270' title='bbox 1598 2478 1661 2512; x_wconf 82' lang='lat' dir='ltr'>ac</span> <span class='ocrx_word' id='word_1_271' title='bbox 1691 2460 2037 2512; x_wconf 88' lang='lat' dir='ltr'>restitucione</span> <span class='ocrx_word' id='word_1_272' title='bbox 2068 2460 2262 2528; x_wconf 86' lang='lat' dir='ltr'>dignus</span> 
     </span>
     <span class='ocr_line' id='line_1_37' title="bbox 378 2531 2261 2603; baseline -0.001 -17"><span class='ocrx_word' id='word_1_273' title='bbox 378 2540 626 2603; x_wconf 88' lang='lat' dir='ltr'>operator</span> <span class='ocrx_word' id='word_1_274' title='bbox 671 2532 967 2586; x_wconf 91' lang='lat' dir='ltr'>mercedem</span> <span class='ocrx_word' id='word_1_275' title='bbox 1013 2549 1164 2584; x_wconf 90' lang='lat' dir='ltr'>suam</span> <span class='ocrx_word' id='word_1_276' title='bbox 1208 2533 1525 2601; x_wconf 90' lang='lat' dir='ltr'>promeruit,</span> <span class='ocrx_word' id='word_1_277' title='bbox 1576 2537 1629 2585; x_wconf 86' lang='lat' dir='ltr'>et</span> <span class='ocrx_word' id='word_1_278' title='bbox 1674 2531 1930 2584; x_wconf 90' lang='lat' dir='ltr'>honorem</span> <span class='ocrx_word' id='word_1_279' title='bbox 1973 2532 2261 2601; x_wconf 90' lang='lat' dir='ltr'>pristinum</span> 
     </span>
     <span class='ocr_line' id='line_1_38' title="bbox 377 2601 1844 2674; baseline 0.001 -16"><span class='ocrx_word' id='word_1_280' title='bbox 377 2606 479 2658; x_wconf 91' lang='lat' dir='ltr'>sibi</span> <span class='ocrx_word' id='word_1_281' title='bbox 518 2607 734 2674; x_wconf 91' lang='lat' dir='ltr'>suisque</span> <span class='ocrx_word' id='word_1_282' title='bbox 771 2604 1167 2657; x_wconf 89' lang='lat' dir='ltr'>successoribus</span> <span class='ocrx_word' id='word_1_283' title='bbox 1207 2606 1262 2657; x_wconf 93' lang='lat' dir='ltr'>in</span> <span class='ocrx_word' id='word_1_284' title='bbox 1300 2608 1510 2657; x_wconf 91' lang='lat' dir='ltr'>tantum</span> <span class='ocrx_word' id='word_1_285' title='bbox 1549 2601 1844 2674; x_wconf 77' lang='lat' dir='ltr'>adauxit⁶.]</span> 
     </span>
    </p>
   </div>
   <div class='ocr_carea' id='block_1_7' title="bbox 470 2734 2259 2906">
    <p class='ocr_par' dir='ltr' id='par_1_7' title="bbox 470 2734 2259 2906">
     <span class='ocr_line' id='line_1_39' title="bbox 470 2734 2258 2791; baseline -0.001 -11"><span class='ocrx_word' id='word_1_286' title='bbox 470 2735 516 2790; x_wconf 49' lang='grc' dir='ltr'>θὶς)</span> <span class='ocrx_word' id='word_1_287' title='bbox 549 2737 731 2789; x_wconf 70' lang='lat' dir='ltr'>Drusis,</span> <span class='ocrx_word' id='word_1_288' title='bbox 775 2749 890 2791; x_wconf 82' lang='lat' dir='ltr'>quae</span> <span class='ocrx_word' id='word_1_289' title='bbox 933 2736 1049 2779; x_wconf 75' lang='lat' dir='ltr'>inter</span> <span class='ocrx_word' id='word_1_290' title='bbox 1092 2735 1235 2779; x_wconf 82' lang='lat' dir='ltr'>lineas</span> <span class='ocrx_word' id='word_1_291' title='bbox 1279 2741 1320 2780; x_wconf 84' lang='lat' dir='ltr'>et</span> <span class='ocrx_word' id='word_1_292' title='bbox 1364 2736 1412 2779; x_wconf 90' lang='lat' dir='ltr'>in</span> <span class='ocrx_word' id='word_1_293' title='bbox 1458 2748 1598 2791; x_wconf 71' lang='lat' dir='ltr'>mary.</span> <span class='ocrx_word' id='word_1_294' title='bbox 1644 2735 1809 2779; x_wconf 78' lang='lat' dir='ltr'>deoetra</span> <span class='ocrx_word' id='word_1_295' title='bbox 1846 2735 2018 2790; x_wconf 79' lang='lat' dir='ltr'>scripta</span> <span class='ocrx_word' id='word_1_296' title='bbox 2047 2734 2258 2790; x_wconf 83' lang='lat' dir='ltr'>fuerunt,</span> 
     </span>
     <span class='ocr_line' id='line_1_40' title="bbox 550 2790 2259 2848; baseline -0.001 -10"><span class='ocrx_word' id='word_1_297' title='bbox 550 2795 603 2838; x_wconf 93' lang='lat' dir='ltr'><em>N</em></span> <span class='ocrx_word' id='word_1_298' title='bbox 626 2795 675 2837; x_wconf 91' lang='lat' dir='ltr'>in</span> <span class='ocrx_word' id='word_1_299' title='bbox 705 2794 909 2848; x_wconf 62' lang='lat' dir='ltr'>margine</span> <span class='ocrx_word' id='word_1_300' title='bbox 938 2793 1156 2846; x_wconf 80' lang='lat' dir='ltr'>inferiore</span> <span class='ocrx_word' id='word_1_301' title='bbox 1186 2793 1376 2838; x_wconf 80' lang='lat' dir='ltr'>adiecit.-</span> <span class='ocrx_word' id='word_1_302' title='bbox 1410 2791 1465 2836; x_wconf 89' lang='lat' dir='ltr'>ab</span> <span class='ocrx_word' id='word_1_303' title='bbox 1491 2790 1682 2836; x_wconf 87' lang='lat' dir='ltr'>Arnulfo</span> <span class='ocrx_word' id='word_1_304' title='bbox 1713 2805 1820 2848; x_wconf 86' lang='lat' dir='ltr'>rege</span> <span class='ocrx_word' id='word_1_305' title='bbox 1851 2792 1915 2836; x_wconf 87' lang='lat' dir='ltr'>ibi</span> <span class='ocrx_word' id='word_1_306' title='bbox 1946 2792 2114 2848; x_wconf 89' lang='lat' dir='ltr'>positus</span> <span class='ocrx_word' id='word_1_307' title='bbox 2146 2806 2259 2836; x_wconf 88' lang='lat' dir='ltr'>anno</span> 
     </span>
     <span class='ocr_line' id='line_1_41' title="bbox 549 2850 1009 2906; baseline -0.004 -12"><span class='ocrx_word' id='word_1_308' title='bbox 549 2851 678 2906; x_wconf 86' lang='lat' dir='ltr'>regni</span> <span class='ocrx_word' id='word_1_309' title='bbox 709 2851 877 2894; x_wconf 89' lang='lat' dir='ltr'>suimet</span> <span class='ocrx_word' id='word_1_310' title='bbox 906 2850 1009 2893; x_wconf 91' lang='lat' dir='ltr'><strong>VII.</strong></span> 
     </span>
    </p>
   </div>
   <div class='ocr_carea' id='block_1_8' title="bbox 376 2963 2260 3093">
    <p class='ocr_par' dir='ltr' id='par_1_8' title="bbox 376 2963 2260 3093">
     <span class='ocr_line' id='line_1_42' title="bbox 376 2963 2260 3006; baseline -0.002 -9"><span class='ocrx_word' id='word_1_311' title='bbox 376 2965 411 3006; x_wconf 79' lang='lat' dir='ltr'>a.)</span> <span class='ocrx_word' id='word_1_312' title='bbox 433 2974 458 3005; x_wconf 85' lang='lat' dir='ltr'><strong>g</strong></span> <span class='ocrx_word' id='word_1_313' title='bbox 479 2965 564 2998; x_wconf 82' lang='lat' dir='ltr'>add.</span> <span class='ocrx_word' id='word_1_314' title='bbox 595 2966 634 2997; x_wconf 78' lang='lat' dir='ltr'>T.</span> <span class='ocrx_word' id='word_1_315' title='bbox 740 2965 778 3005; x_wconf 90' lang='lat' dir='ltr'>b)</span> <span class='ocrx_word' id='word_1_316' title='bbox 801 2966 936 2996; x_wconf 82' lang='lat' dir='ltr'>einrico</span> <span class='ocrx_word' id='word_1_317' title='bbox 959 2965 998 2996; x_wconf 82' lang='lat' dir='ltr'>in</span> <span class='ocrx_word' id='word_1_318' title='bbox 1021 2967 1094 2996; x_wconf 84' lang='lat' dir='ltr'>loco</span> <span class='ocrx_word' id='word_1_319' title='bbox 1115 2975 1198 2996; x_wconf 74' lang='lat' dir='ltr'>raso</span> <span class='ocrx_word' id='word_1_320' title='bbox 1219 2965 1306 2997; x_wconf 80' lang='lat' dir='ltr'>add.</span> <span class='ocrx_word' id='word_1_321' title='bbox 1336 2966 1377 2998; x_wconf 86' lang='lat' dir='ltr'>T.</span> <span class='ocrx_word' id='word_1_322' title='bbox 1481 2966 1514 3004; x_wconf 88' lang='grc'>6)</span> <span class='ocrx_word' id='word_1_323' title='bbox 1537 2964 1641 2996; x_wconf 74' lang='lat' dir='ltr'>verba</span> <span class='ocrx_word' id='word_1_324' title='bbox 1664 2965 1708 2996; x_wconf 85' lang='lat' dir='ltr'>ab</span> <span class='ocrx_word' id='word_1_325' title='bbox 1732 2964 1804 2995; x_wconf 84' lang='lat' dir='ltr'>inc.</span> <span class='ocrx_word' id='word_1_326' title='bbox 1831 2981 1872 2986; x_wconf 93' lang='lat'>—-</span> <span class='ocrx_word' id='word_1_327' title='bbox 1895 2963 2014 2995; x_wconf 76' lang='lat' dir='ltr'>dictus</span> <span class='ocrx_word' id='word_1_328' title='bbox 2036 2964 2075 2995; x_wconf 82' lang='lat' dir='ltr'>in</span> <span class='ocrx_word' id='word_1_329' title='bbox 2098 2965 2131 2995; x_wconf 91' lang='lat'>1.</span> <span class='ocrx_word' id='word_1_330' title='bbox 2159 2972 2260 2995; x_wconf 67' lang='lat' dir='ltr'>erasa</span> 
     </span>
     <span class='ocr_line' id='line_1_43' title="bbox 376 3007 2256 3093; baseline -0.001 -53"><span class='ocrx_word' id='word_1_331' title='bbox 376 3012 473 3093; x_wconf 51' lang='grc' dir='ltr'>(313111έέ</span> <span class='ocrx_word' id='word_1_332' title='bbox 497 3009 571 3083; x_wconf 53' lang='grc' dir='ltr'>ἑεᾶἒ</span> <span class='ocrx_word' id='word_1_333' title='bbox 579 3018 651 3084; x_wconf 57' lang='lat'>‘12012172</span> <span class='ocrx_word' id='word_1_334' title='bbox 673 3009 742 3039; x_wconf 81' lang='lat' dir='ltr'>tam</span> <span class='ocrx_word' id='word_1_335' title='bbox 763 3008 947 3049; x_wconf 62' lang='lat' dir='ltr'>funditust,</span> <span class='ocrx_word' id='word_1_336' title='bbox 982 3009 1079 3049; x_wconf 77' lang='lat' dir='ltr'>quin,</span> <span class='ocrx_word' id='word_1_337' title='bbox 1117 3008 1205 3048; x_wconf 82' lang='lat' dir='ltr'>quid</span> <span class='ocrx_word' id='word_1_338' title='bbox 1228 3009 1394 3047; x_wconf 70' lang='lat' dir='ltr'>scriptum</span> <span class='ocrx_word' id='word_1_339' title='bbox 1427 3008 1553 3049; x_wconf 81' lang='lat' dir='ltr'>suerit,</span> <span class='ocrx_word' id='word_1_340' title='bbox 1586 3010 1780 3048; x_wconf 80' lang='lat' dir='ltr'>comparato</span> <span class='ocrx_word' id='word_1_341' title='bbox 1811 3007 1886 3039; x_wconf 83' lang='lat' dir='ltr'>cod.</span> <span class='ocrx_word' id='word_1_342' title='bbox 1905 3008 1936 3042; x_wconf 77' lang='lat'>2.</span> <span class='ocrx_word' id='word_1_343' title='bbox 1959 3008 2116 3048; x_wconf 65' lang='lat' dir='ltr'>cognosci</span> <span class='ocrx_word' id='word_1_344' title='bbox 2131 3007 2256 3047; x_wconf 66' lang='lat' dir='ltr'>possit.</span> 
     </span>
    </p>
   </div>
   <div class='ocr_carea' id='block_1_9' title="bbox 375 3151 2259 3657">
    <p class='ocr_par' dir='ltr' id='par_1_9' title="bbox 375 3151 2259 3657">
     <span class='ocr_line' id='line_1_44' title="bbox 379 3151 2259 3207; baseline 0.001 -12"><span class='ocrx_word' id='word_1_345' title='bbox 379 3152 421 3204; x_wconf 90' lang='lat'>1)</span> <span class='ocrx_word' id='word_1_346' title='bbox 454 3153 638 3196; x_wconf 87' lang='lat' dir='ltr'>Annum</span> <span class='ocrx_word' id='word_1_347' title='bbox 669 3153 807 3196; x_wconf 78' lang='lat' dir='ltr'>huius</span> <span class='ocrx_word' id='word_1_348' title='bbox 838 3153 994 3196; x_wconf 82' lang='lat' dir='ltr'>mortis</span> <span class='ocrx_word' id='word_1_349' title='bbox 1018 3152 1303 3196; x_wconf 79' lang='lat' dir='ltr'>Thietmarus</span> <span class='ocrx_word' id='word_1_350' title='bbox 1327 3165 1383 3196; x_wconf 61' lang='grc' dir='ltr'>επ</span> <span class='ocrx_word' id='word_1_351' title='bbox 1408 3151 1668 3196; x_wconf 73' lang='lat' dir='ltr'>Annalibus</span> <span class='ocrx_word' id='word_1_352' title='bbox 1694 3152 1945 3207; x_wconf 80' lang='lat' dir='ltr'>Quedlinb.,</span> <span class='ocrx_word' id='word_1_353' title='bbox 1978 3157 2124 3197; x_wconf 83' lang='lat' dir='ltr'>cetera</span> <span class='ocrx_word' id='word_1_354' title='bbox 2147 3152 2259 3197; x_wconf 84' lang='lat' dir='ltr'>data</span> 
     </span>
     <span class='ocr_line' id='line_1_45' title="bbox 375 3208 2258 3264; baseline 0.001 -12"><span class='ocrx_word' id='word_1_355' title='bbox 375 3208 573 3262; x_wconf 78' lang='lat' dir='ltr'>fortasse</span> <span class='ocrx_word' id='word_1_356' title='bbox 603 3224 626 3253; x_wconf 83' lang='lat' dir='ltr'>e</span> <span class='ocrx_word' id='word_1_357' title='bbox 649 3209 866 3254; x_wconf 80' lang='lat' dir='ltr'>Chronico</span> <span class='ocrx_word' id='word_1_358' title='bbox 891 3210 1119 3254; x_wconf 78' lang='lat' dir='ltr'>Halberst.</span> <span class='ocrx_word' id='word_1_359' title='bbox 1142 3211 1349 3264; x_wconf 75' lang='lat' dir='ltr'>sumpsit,</span> <span class='ocrx_word' id='word_1_360' title='bbox 1381 3210 1500 3253; x_wconf 82' lang='lat' dir='ltr'>diem</span> <span class='ocrx_word' id='word_1_361' title='bbox 1523 3210 1809 3254; x_wconf 80' lang='lat' dir='ltr'>emortualem</span> <span class='ocrx_word' id='word_1_362' title='bbox 1846 3210 1940 3254; x_wconf 83' lang='lat' dir='ltr'>sine</span> <span class='ocrx_word' id='word_1_363' title='bbox 1964 3210 2099 3254; x_wconf 83' lang='lat' dir='ltr'>dubio</span> <span class='ocrx_word' id='word_1_364' title='bbox 2122 3210 2258 3254; x_wconf 85' lang='lat' dir='ltr'>etiam</span> 
     </span>
     <span class='ocr_line' id='line_1_46' title="bbox 376 3267 2256 3323; baseline 0.002 -15"><span class='ocrx_word' id='word_1_365' title='bbox 376 3267 426 3310; x_wconf 90' lang='lat' dir='ltr'>in</span> <span class='ocrx_word' id='word_1_366' title='bbox 457 3269 635 3312; x_wconf 79' lang='lat' dir='ltr'>Necrol.</span> <span class='ocrx_word' id='word_1_367' title='bbox 662 3268 854 3311; x_wconf 69' lang='lat' dir='ltr'>Mei-seb.</span> <span class='ocrx_word' id='word_1_368' title='bbox 885 3268 1069 3320; x_wconf 85' lang='lat' dir='ltr'>invenit,</span> <span class='ocrx_word' id='word_1_369' title='bbox 1101 3267 1232 3311; x_wconf 83' lang='lat' dir='ltr'>cuius</span> <span class='ocrx_word' id='word_1_370' title='bbox 1256 3267 1413 3322; x_wconf 78' lang='lat' dir='ltr'>prima</span> <span class='ocrx_word' id='word_1_371' title='bbox 1441 3279 1554 3321; x_wconf 74' lang='lat' dir='ltr'>pars</span> <span class='ocrx_word' id='word_1_372' title='bbox 1579 3267 1762 3322; x_wconf 74' lang='lat' dir='ltr'>perdita</span> <span class='ocrx_word' id='word_1_373' title='bbox 1793 3272 1882 3318; x_wconf 80' lang='lat' dir='ltr'>est;</span> <span class='ocrx_word' id='word_1_374' title='bbox 1914 3267 2256 3323; x_wconf 72' lang='lat' dir='ltr'>Siyismundum</span> 
     </span>
     <span class='ocr_line' id='line_1_47' title="bbox 378 3323 2255 3381; baseline 0.002 -15"><span class='ocrx_word' id='word_1_375' title='bbox 378 3338 421 3367; x_wconf 89' lang='lat' dir='ltr'>a.</span> <span class='ocrx_word' id='word_1_376' title='bbox 452 3326 549 3370; x_wconf 77' lang='lat'><strong>924.</strong></span> <span class='ocrx_word' id='word_1_377' title='bbox 581 3331 805 3370; x_wconf 70' lang='lat' dir='ltr'>mootuum</span> <span class='ocrx_word' id='word_1_378' title='bbox 829 3338 925 3369; x_wconf 79' lang='lat' dir='ltr'>esse</span> <span class='ocrx_word' id='word_1_379' title='bbox 947 3325 1162 3381; x_wconf 79' lang='lat' dir='ltr'>probavit</span> <span class='ocrx_word' id='word_1_380' title='bbox 1194 3323 1347 3368; x_wconf 73' lang='lat' dir='ltr'>Waitz</span> <span class='ocrx_word' id='word_1_381' title='bbox 1364 3338 1412 3380; x_wconf 80' lang='lat' dir='ltr'>p.</span> <span class='ocrx_word' id='word_1_382' title='bbox 1437 3325 1505 3369; x_wconf 83' lang='lat'>75.</span> <span class='ocrx_word' id='word_1_383' title='bbox 1622 3325 1666 3376; x_wconf 79' lang='lat'>2)</span> <span class='ocrx_word' id='word_1_384' title='bbox 1698 3324 1826 3368; x_wconf 83' lang='lat' dir='ltr'>Sedit</span> <span class='ocrx_word' id='word_1_385' title='bbox 1847 3326 1981 3369; x_wconf 84' lang='lat' dir='ltr'>annis</span> <span class='ocrx_word' id='word_1_386' title='bbox 2004 3325 2255 3379; x_wconf 79' lang='lat'>924—968‚·</span> 
     </span>
     <span class='ocr_line' id='line_1_48' title="bbox 378 3381 2256 3438; baseline 0.001 -13"><span class='ocrx_word' id='word_1_387' title='bbox 378 3382 436 3434; x_wconf 79' lang='lat' dir='ltr'>cf.</span> <span class='ocrx_word' id='word_1_388' title='bbox 461 3385 533 3437; x_wconf 92' lang='grc' dir='ltr'>ΙΙ,</span> <span class='ocrx_word' id='word_1_389' title='bbox 563 3385 631 3428; x_wconf 88' lang='grc'>18.</span> <span class='ocrx_word' id='word_1_390' title='bbox 748 3383 792 3436; x_wconf 88' lang='grc'>3)</span> <span class='ocrx_word' id='word_1_391' title='bbox 825 3383 1034 3427; x_wconf 80' lang='lat' dir='ltr'>Karalus</span> <span class='ocrx_word' id='word_1_392' title='bbox 1064 3383 1164 3425; x_wconf 90' lang='grc' dir='ltr'><em>ΙΙΙ.</em></span> <span class='ocrx_word' id='word_1_393' title='bbox 1195 3381 1398 3437; x_wconf 77' lang='lat' dir='ltr'>Simpleoe</span> <span class='ocrx_word' id='word_1_394' title='bbox 1428 3382 1718 3426; x_wconf 80' lang='lat' dir='ltr'>occidentalis</span> <span class='ocrx_word' id='word_1_395' title='bbox 1746 3383 1878 3438; x_wconf 73' lang='lat' dir='ltr'>¹reyni</span> <span class='ocrx_word' id='word_1_396' title='bbox 1903 3396 1983 3426; x_wconf 77' lang='lat' dir='ltr'>rex</span> <span class='ocrx_word' id='word_1_397' title='bbox 2012 3382 2256 3427; x_wconf 78' lang='lat'><strong>893—923.</strong></span> 
     </span>
     <span class='ocr_line' id='line_1_49' title="bbox 378 3439 2255 3495; baseline 0.002 -15"><span class='ocrx_word' id='word_1_398' title='bbox 378 3439 421 3489; x_wconf 89' lang='lat'>4)</span> <span class='ocrx_word' id='word_1_399' title='bbox 455 3441 692 3484; x_wconf 78' lang='lat' dir='ltr'>Heriberto</span> <span class='ocrx_word' id='word_1_400' title='bbox 733 3441 1079 3484; x_wconf 81' lang='lat' dir='ltr'>Viromandensi</span> <span class='ocrx_word' id='word_1_401' title='bbox 1105 3440 1283 3493; x_wconf 86' lang='lat' dir='ltr'>comite;</span> <span class='ocrx_word' id='word_1_402' title='bbox 1335 3439 1513 3483; x_wconf 81' lang='lat' dir='ltr'>Widulc.</span> <span class='ocrx_word' id='word_1_403' title='bbox 1538 3441 1580 3493; x_wconf 90' lang='lat' dir='ltr'>I,</span> <span class='ocrx_word' id='word_1_404' title='bbox 1619 3441 1676 3484; x_wconf 88' lang='lat'>30</span> <span class='ocrx_word' id='word_1_405' title='bbox 1703 3439 1831 3494; x_wconf 82' lang='lat' dir='ltr'>falso</span> <span class='ocrx_word' id='word_1_406' title='bbox 1863 3441 2102 3495; x_wconf 76' lang='lat' dir='ltr'>Huyonem</span> <span class='ocrx_word' id='word_1_407' title='bbox 2133 3439 2255 3484; x_wconf 84' lang='lat' dir='ltr'>dicit.</span> 
     </span>
     <span class='ocr_line' id='line_1_50' title="bbox 380 3493 2258 3554; baseline 0 -15"><span class='ocrx_word' id='word_1_408' title='bbox 380 3493 447 3550; x_wconf 77' lang='lat' dir='ltr'>Cf.</span> <span class='ocrx_word' id='word_1_409' title='bbox 485 3498 634 3543; x_wconf 72' lang='lat' dir='ltr'>Waitz</span> <span class='ocrx_word' id='word_1_410' title='bbox 664 3511 707 3553; x_wconf 81' lang='lat' dir='ltr'>p.</span> <span class='ocrx_word' id='word_1_411' title='bbox 731 3498 915 3543; x_wconf 81' lang='lat'>71—72.</span> <span class='ocrx_word' id='word_1_412' title='bbox 1032 3498 1076 3551; x_wconf 82' lang='lat'>5)</span> <span class='ocrx_word' id='word_1_413' title='bbox 1108 3498 1181 3540; x_wconf 84' lang='lat' dir='ltr'>De</span> <span class='ocrx_word' id='word_1_414' title='bbox 1211 3497 1604 3554; x_wconf 76' lang='lat' dir='ltr'>consanyuinitate</span> <span class='ocrx_word' id='word_1_415' title='bbox 1635 3497 1850 3541; x_wconf 80' lang='lat' dir='ltr'>Heinrici</span> <span class='ocrx_word' id='word_1_416' title='bbox 1877 3502 1920 3542; x_wconf 88' lang='lat' dir='ltr'>et</span> <span class='ocrx_word' id='word_1_417' title='bbox 1948 3498 2117 3542; x_wconf 85' lang='lat' dir='ltr'>Karoli</span> <span class='ocrx_word' id='word_1_418' title='bbox 2145 3497 2258 3541; x_wconf 86' lang='lat' dir='ltr'>alibi</span> 
     </span>
     <span class='ocr_line' id='line_1_51' title="bbox 378 3553 2252 3609; baseline 0.001 -14"><span class='ocrx_word' id='word_1_419' title='bbox 378 3555 494 3596; x_wconf 83' lang='lat' dir='ltr'>nihil</span> <span class='ocrx_word' id='word_1_420' title='bbox 521 3555 733 3599; x_wconf 77' lang='lat' dir='ltr'>traditur.</span> <span class='ocrx_word' id='word_1_421' title='bbox 851 3557 894 3609; x_wconf 88' lang='lat'>6)</span> <span class='ocrx_word' id='word_1_422' title='bbox 926 3555 1197 3599; x_wconf 82' lang='lat' dir='ltr'>Heinrieum</span> <span class='ocrx_word' id='word_1_423' title='bbox 1229 3554 1404 3598; x_wconf 85' lang='lat' dir='ltr'>Karolo</span> <span class='ocrx_word' id='word_1_424' title='bbox 1433 3567 1560 3609; x_wconf 82' lang='lat' dir='ltr'>opem</span> <span class='ocrx_word' id='word_1_425' title='bbox 1591 3555 1747 3598; x_wconf 80' lang='lat' dir='ltr'>tulisse</span> <span class='ocrx_word' id='word_1_426' title='bbox 1780 3555 2063 3600; x_wconf 78' lang='lat' dir='ltr'>Thietmarus</span> <span class='ocrx_word' id='word_1_427' title='bbox 2099 3553 2252 3600; x_wconf 81' lang='lat' dir='ltr'>Widu-</span> 
     </span>
     <span class='ocr_line' id='line_1_52' title="bbox 378 3608 951 3657; baseline 0.007 -5"><span class='ocrx_word' id='word_1_428' title='bbox 378 3608 508 3654; x_wconf 79' lang='lat' dir='ltr'>kindi</span> <span class='ocrx_word' id='word_1_429' title='bbox 535 3613 747 3656; x_wconf 79' lang='lat' dir='ltr'>relationi</span> <span class='ocrx_word' id='word_1_430' title='bbox 774 3614 951 3657; x_wconf 76' lang='lat' dir='ltr'>adiecit.</span> 
     </span>
    </p>
   </div>
   <div class='ocr_carea' id='block_1_10' title="bbox 2285 1737 2456 1814">
    <p class='ocr_par' dir='ltr' id='par_1_10' title="bbox 2285 1737 2456 1814">
     <span class='ocr_line' id='line_1_53' title="bbox 2285 1737 2456 1778; baseline 0 -8"><span class='ocrx_word' id='word_1_431' title='bbox 2285 1737 2303 1757; x_wconf 88' lang='grc'><em>*</em></span> <span class='ocrx_word' id='word_1_432' title='bbox 2317 1738 2386 1778; x_wconf 83' lang='lat' dir='ltr'><strong><em>sol.</em></strong></span> <span class='ocrx_word' id='word_1_433' title='bbox 2405 1737 2456 1770; x_wconf 84' lang='lat'>10‘</span> 
     </span>
     <span class='ocr_line' id='line_1_54' title="bbox 2304 1783 2455 1814; baseline 0.013 -2"><span class='ocrx_word' id='word_1_434' title='bbox 2304 1791 2397 1814; x_wconf 81' lang='lat' dir='ltr'>man.</span> <span class='ocrx_word' id='word_1_435' title='bbox 2422 1783 2455 1814; x_wconf 82' lang='lat' dir='ltr'><em>E</em></span> 
     </span>
    </p>
   </div>
  </div>
 </body>
</html>
