2456 4036
374 218 455 264 132
891 218 1225 264 THIETMARI
1255 216 1468 262 CHRON.
1529 217 1643 261 LIB.
1673 218 1725 261 V.

215 353 339 398 1004.
369 347 605 402 antistite
659 346 876 399 collecta
930 351 1072 407 sunt,
1139 344 1479 409 singulariter
1538 344 1792 411 perspicit
1850 349 1904 395 et
1951 346 2080 398 haec
2125 365 2239 400 esse

115 429 244 469 'rugin-
271 430 346 462 chr·
372 415 639 487 superflua
667 422 912 469 testatur.
987 415 1193 467 Dehinc
1225 414 1531 480 Merseburg
1563 414 1656 466 diu
1685 420 1901 483 pastore
1933 434 2028 468 suo
2058 418 2239 470 vidua-

369 497 480 544 tam
533 487 909 540 consolationis
973 486 1146 552 gratia
1203 484 1390 537 adiens
1457 485 1678 537 eandem
1739 487 1977 554 pristinis
2028 490 2240 541 restitui

371 559 663 613 honoribus
702 575 862 624 quam
899 557 1128 608 maxime
1166 561 1401 608 conatur.
1476 556 1560 607 Ibi
1597 562 1726 608 tunc
1756 557 1957 624 Tagino
1987 576 2239 612 veneran-

190 643 345 676 Febr-2-
371 633 468 684 dus
515 630 652 681 Ima
689 629 820 681 Non.
859 626 1160 689 Februarii,
1214 627 1271 678 id
1309 632 1389 679 est
1443 629 1734 695 yppapanti
1774 629 2004 694 Domini,
2056 631 2111 682 id
2160 637 2241 683 est

369 702 673 756 obviacione
725 699 853 751 iusti
907 698 1192 762 Simeonis,
1253 704 1470 766 accepta
1522 698 1589 750 ab
1644 699 1912 752 Hilderico
1965 702 2240 755 antistitel

366 772 605 835 licentia,
659 771 750 837 qui
801 770 1006 838 primus
1058 769 1250 822 horum
1303 771 1356 821 in
1408 770 1595 822 'ordine
1647 770 1750 822 fuit
1802 772 2152 838 confratrum,
2207 791 2240 826 a

365 843 627 910 Willigiso
681 841 1044 909 archipresule
1090 841 1396 909 Magontino
1449 846 1790 894 consecratus
1821 847 1934 907 -est,
1994 849 2240 910 presente

364 932 487 982 rege
540 929 604 964 ac
657 913 892 964 Romano
945 914 1140 965 nuncio
1201 913 1552 980 omnibusque
1602 914 1931 982 coepiscopis
1987 916 2057 967 ad
2107 916 2239 970 haec

364 983 679 1038 faventibus.
755 984 825 1036 Et
862 985 989 1051 quia
1026 983 1122 1047 is2,
1163 983 1252 1036 *ut
1291 982 1559 1052 scriptura
1592 985 1706 1036 eius
1737 990 1985 1050 testatur,
2025 987 2094 1040 ab
2125 988 2238 1041 solo

365 1055 693 1109 ordinandus
724 1055 1032 1123 apostolice,
1068 1055 1207 1108 huc3
1242 1056 1418 1107 venire
1447 1062 1663 1123 propter
1693 1057 1982 1110 instantem
2013 1059 2240 1112 necessi-

362 1133 527 1181 tatem
557 1144 662 1180 non
691 1128 880 1196 potuit,
916 1127 1152 1179 ibidem4
1183 1128 1321 1179 sacri
1352 1129 1616 1180 crismatis
1648 1126 1982 1181 delibucione
2013 1131 2239 1183 tercium

362 1200 599 1267 implevit
642 1199 970 1260 numerum5,
1014 1197 1344 1270 [Waltherdo
1388 1205 1512 1267 post
1557 1217 1613 1251 se
1661 1217 1868 1252 omnem
1903 1203 2238 1255 committens

364 1269 850 1342 episcopatum]²·ss.
926 1271 1040 1322 Rex
1077 1276 1273 1334 autem,
1321 1288 1425 1338 quo
1465 1288 1672 1339 semper
1711 1273 1933 1324 esurivit
1969 1278 2129 1342 atque
2168 1275 2235 1326 si-

361 1343 501 1406 tivit,
558 1342 802 1394 iusticiae
853 1342 969 1394 cibo
1021 1343 1252 1410 gestiens
1300 1347 1428 1394 tunc
1456 1343 1692 1404 saciari,
1751 1343 1877 1411 quia
1924 1344 2081 1398 aliter
2133 1362 2238 1399 non

361 1430 515 1483 posse
559 1413 675 1465 fieri
718 1413 860 1482 apud
906 1413 1189 1466 Arnulfum
1232 1414 1499 1482 presulem
1547 1413 1770 1478 sciebat,
1821 1413 1979 1487 [cum]
2028 1423 2238 1469 centum

361 1485 671 1539 concambio
727 1503 1030 1538 mansorum
1089 1502 1249 1552 super
1306 1486 1475 1538 solum
1522 1485 2032 1551 Merseburgiensem
2085 1487 2239 1556 burg-

361 1557 598 1610 wardum
651 1557 1004 1625 episcopalem
1049 1556 1277 1609 redemit
1320 1558 1571 1611 bannum.
1654 1558 1918 1626 Quicquid
1974 1564 2152 1611 autem
2204 1577 2237 1612 a

363 1630 639 1682 carissimo
670 1630 948 1696 Taginone
981 1634 1312 1696 exposcerat,
1350 1628 1520 1681 bonae
1550 1629 1838 1681 voluntatis
1870 1628 2238 1685 habundantia
2442 1684 2444 1686 ,

360 1701 459 1754 hoc
495 1701 752 1769 largiente
791 1706 1121 1769 perceperat.
1197 1701 1275 1752 De
1306 1700 1467 1753 Misni
1506 1700 1694 1768 *atque
1733 1700 1798 1753 de
1838 1701 1994 1754 Citici
2037 1705 2235 1771 episco-
2262 1711 2444 1754 *fol-96:

359 1772 573 1841 patibus
625 1772 853 1826 decrevit
904 1773 1051 1840 regia
1101 1777 1366 1840 potestate
1415 1771 1484 1824 ad
1531 1772 1794 1839 integrum
1841 1772 2037 1842 redire,
2090 1774 2235 1843 quod

361 1845 655 1913 antiquitas
692 1844 816 1896 hinc
856 1843 1128 1912 demptum
1167 1843 1337 1896 valuit
1374 1843 1658 1911 explicare.
1745 1844 1897 1897 Unde
1935 1845 2036 1898 hiis
2074 1847 2235 1899 versi-

360 1917 459 1969 bus
496 1915 719 1986 preludo
760 1915 962 1969 Christi
1002 1916 1132 1968 odas
1171 1915 1637 1968 concinentibus*:

497 2078 501 2082 .
532 2029 574 2082 O
614 2029 693 2082 sol
730 2028 978 2082 iusticiae
1017 2029 1256 2096 fulgensb
1297 2048 1455 2097 super
1493 2030 1685 2096 omnia,
1727 2029 1989 2083 Christe⁰l

530 2101 775 2156 Adventu
811 2102 983 2170 primo
1024 2101 1279 2153 mundum
1317 2101 1689 2170 redimensque
1727 2102 1958 2155 secundo

531 2171 664 2225 Cum
702 2177 854 2240 patre
890 2173 1185 2241 plasmator
1224 2172 1532 2233 dissolvenS‚
1573 2173 1907 2226 examinator

531 2243 702 2308 SoluS,
742 2261 838 2313 pro
877 2244 1041 2297 variis
1079 2244 1425 2312 dispensansd
1462 2246 1666 2313 premia
1705 2245 1862 2297 factis

386 2326 413 2370 5
529 2316 778 2369 Humano
817 2317 997 2384 generi
1036 2317 1252 2372 sceleris
1290 2334 1384 2383 per
1421 2334 1589 2385 prona
1627 2317 1844 2381 labenti,

528 2388 672 2441 Vera
710 2387 840 2453 dies,
877 2388 1049 2440 lucem
1088 2395 1149 2440 tu
1187 2406 1327 2440 nunc
1365 2387 1662 2441 benedicito
1701 2388 1880 2452 talem,

528 2459 674 2523 *Qua
710 2460 829 2528 pius
868 2459 1183 2513 aecclesiam
1220 2460 1446 2512 visitasti
1486 2459 1854 2528 despoliatam.
2258 2472 2332 2514 *1⁰·
2350 2473 2425 2507 804·

527 2531 808 2599 Mersburg
845 2536 897 2584 te
935 2530 1132 2596 laudet,
1173 2531 1235 2583 de
1275 2532 1381 2584 tuis
1421 2549 1637 2584 munere
1678 2531 1890 2599 gaudet,

528 2603 659 2656 Eius
698 2609 751 2656 et
789 2604 916 2668 nati,
954 2607 1194 2672 pastores
1232 2621 1296 2655 ac
1333 2603 1572 2657 renovati

103 2671 331 2748 V}}g·5²?}7‘{¹¹·
356 2685 411 2728 10
525 2675 828 2728 Persolvant
871 2684 1042 2745 grates
1078 2674 1179 2727 tibi
1217 2692 1354 2727 nunc
1394 2693 1456 2727 ex
1495 2674 1653 2727 corde
1691 2674 1888 2727 fideles,

186 2738 194 2755 ’
527 2745 714 2799 Inclite
752 2765 847 2799 rex
883 2765 1082 2815 regum,
1123 2746 1281 2799 modo
1322 2747 1529 2814 suscipe
1568 2745 1775 2799 fasma7
1814 2750 2044 2811 tuorum,

531 2817 772 2871 Clemens
811 2818 1120 2870 Heinricum
1161 2818 1225 2870 de
1263 2818 1423 2870 caelis
1461 2819 1664 2886 respice
1703 2835 1911 2871 servum

451 2955 495 3009 ²¹⁶)
527 2958 569 2999 2.
601 2955 651 2999 in
678 2955 767 2999 imo
796 2955 1000 3010 margine
1031 2955 1165 2998 add.:
1208 2954 1375 3010 Incipit
1405 2955 1513 3010 prol.
1547 2954 1624 2998 lib.
1656 2955 1781 2998 sexti.

356 3074 391 3117 a)
415 3077 451 3107 et
474 3085 518 3108 w·
543 3077 724 3107 commisit
745 3077 777 3117 2,
801 3075 843 3107 A.
861 3076 899 3107 S.
987 3075 1025 3117 b)
1051 3076 1171 3115 fulges
1196 3077 1230 3107 1.
1320 3075 1352 3116 c)
1374 3075 1515 3115 ffriste
1539 3078 1571 3107 1.
1661 3075 1699 3116 d)
1723 3075 1915 3115 dispensas
1939 3077 1972 3108 1.

358 3176 399 3229 1)
425 3176 781 3232 Havelberyensi
801 3176 1075 3227 983-10083
1102 3177 1159 3230 cf.
1176 3178 1235 3220 ΙΙ
1238 3178 1278 3231 Ι,
1305 3178 1370 3220 17.
1452 3178 1496 3227 2)
1523 3178 1719 3233 Taqinot
1745 3178 1875 3222 cuius
1897 3177 2126 3232 scriptura
2147 3177 2228 3222 hoc

356 3233 448 3277 loco
473 3238 813 3293 commcmorqta
834 3235 963 3278 nulla
985 3235 1080 3279 alia
1090 3234 1247 3287 fuisse
1262 3238 1410 3289 potest
1437 3235 1532 3278 nisi
1556 3235 1792 3280 chronicon
1814 3235 1930 3278 illud
1951 3235 2229 3292 Maydebur-

353 3303 488 3345 yense
516 3305 639 3336 nunc
666 3293 906 3346 perditum,
945 3305 1001 3336 ex
1031 3306 1117 3349 quo
1149 3291 1454 3336 Thietmarum
1484 3292 1690 3336 hausisse
1718 3294 1810 3336 iam
1838 3292 2012 3346 pridem
2042 3297 2228 3338 constat.

356 3346 401 3398 3)
433 3347 503 3392 Sc.
535 3349 758 3393 Romam.¹
867 3349 912 3403 4)
944 3349 1016 3394 Sc.
1048 3349 1330 3404 Mersebury.
1458 3349 1502 3403 5)
1538 3351 1576 3393 Ι.
1609 3363 1644 3393 e.
1675 3349 1830 3394 tertius
1861 3350 2228 3406 archiepiscopus

356 3406 620 3450 constitutus
650 3411 726 3450 est.
852 3408 896 3459 6)
938 3407 1011 3451 De
1046 3408 1128 3452 hoc
1157 3407 1251 3450 loco
1295 3405 1352 3461 cf.
1382 3406 1830 3462 Pfluyk-Harttuny,
1869 3405 2226 3463 ‘Forschunyen’

360 3461 517 3516 XXV,
556 3462 709 3507 Uhlirz
739 3465 766 3507 la
792 3478 841 3518 c.‚
865 3477 915 3518 p.
940 3465 1036 3509 114.
1138 3464 1182 3518 7)
1212 3464 1254 3507 I.
1278 3477 1311 3507 e.
1337 3464 1610 3517 orationem;
1643 3465 1722 3509 sed
1749 3478 1840 3521 qua
1868 3465 2046 3508 ratione
2068 3466 2228 3509 ductus

356 3523 506 3582 noster
529 3521 590 3563 ad
611 3521 691 3564 hoc
721 3522 1062 3576 eoeprimendum
1088 3534 1257 3578 yraeca
1279 3534 1382 3565 voce
1405 3518 1556 3579 φάσμα
1585 3535 1699 3565 usus
1720 3524 1788 3573 sit,
1820 3536 1911 3566 non
1940 3523 2089 3579 liquet,
2119 3522 2226 3575 nisi,

356 3575 404 3617 id
431 3577 550 3630 quod
579 3579 810 3631 Lappenb.
841 3581 1099 3635 suspicatus
1130 3584 1207 3632 est,
1238 3593 1268 3623 a
1285 3579 1439 3632 fando
1471 3593 1569 3623 eam
1600 3579 1802 3624 derivari
1830 3579 2027 3625 credidit.
