2456 4036
248 418 374 464 1017.

216 639 306 672 Dec.
324 641 379 677 25.

404 283 488 328 238
811 280 1149 326 THIETMARI
1180 280 1396 325 CHRON.
1457 281 1571 325 LIB.
1602 281 1717 325 VIII
1748 282 1888 335 (VII).

405 409 553 462 baldi
597 409 827 476 presulis
872 407 1240 460 mansionibus
1285 425 1349 460 ac
1394 425 1513 460 cum
1547 407 1725 477 Ilburg
1769 408 2038 463 Thiedrici
2076 410 2285 464 comitis

403 481 536 534 urbe
603 498 730 533 casu
790 478 1067 531 accidente
1127 478 1405 532 combusta
1463 486 1558 534 est.
1667 480 1949 549 Inperator
2014 487 2195 535 autem
2253 500 2285 536 a

403 552 746 619 Bavanberg³
805 550 1082 602 discedens
1143 550 1212 603 ad
1265 550 1568 619 Wirciburg
1626 553 1798 619 primo
1864 551 2163 622 deindeque
2215 553 2285 606 ad

401 620 916 676 Froncannawordib
982 621 1127 674 venit
1191 620 1495 691 ibidemque
1564 623 1900 676 nativitatem
1961 622 2286 677 dominicam

401 695 607 748 festivis
654 693 859 761 peregit
904 692 1131 759 gaudiis
1208 693 1313 747 Sed
1357 712 1424 747 ne
1468 694 1628 747 huius
1676 696 1907 748 nominis
1957 697 2284 749 auctoritas⁰

399 771 452 819 te
491 766 747 818 lectorem
786 764 1019 833 amplius
1057 765 1240 826 lateat,
1280 765 1420 819 sicut
1457 784 1490 818 a
1530 765 1878 820 credibilibus
1915 767 2043 820 viris
2087 767 2282 832 audivi,

402 839 479 889 sic
501 836 832 889 adnunciare
856 837 1010 903 cupio
1034 835 1150 889 tibi.
1205 837 1480 905 Regnante
1504 837 1705 890 Karolo
1739 838 2061 906 imperatore
2091 856 2284 908 magno

399 908 612 977 Pippini
665 909 807 976 regis
858 907 970 960 filio
1030 907 1229 961 bellum
1281 908 1341 962 fit
1402 910 1542 962 inter
1593 926 1719 963 suos
1779 915 1831 963 et
1881 909 2284 977 predecessores

398 986 624 1042 nostrOS,
653 979 708 1032 in
735 997 841 1047 quo
867 981 1157 1033 certamine
1187 981 1378 1033 Franci
1405 999 1437 1033 a
1463 982 1659 1035 nostris
1689 981 1899 1047 devicti,
1938 1000 2056 1034 cum
2086 981 2285 1036 flumen

398 1051 543 1103 Moin
592 1050 796 1104 dictum
842 1053 956 1105 sine
1002 1052 1185 1123 aliqua
1228 1052 1351 1105 vadi
1398 1052 1723 1106 certitudine
1767 1053 2010 1122 palantes
2055 1054 2284 1108 transire

398 1129 731 1191 cogerentur,
772 1140 982 1176 cervam
1021 1124 1392 1192 precedentem
1431 1129 1486 1177 et
1524 1124 1706 1178 divina
1741 1125 2091 1179 miseracione
2129 1127 2284 1194 quasi

397 1195 538 1248 viam
575 1194 652 1248 eis
691 1194 1148 1248 demonstrantem
1187 1196 1501 1265 subsequuti
1548 1197 1721 1264 optati
1762 1197 1964 1250 littoris
1994 1197 2284 1251 securitate

397 1268 683 1335 pociuntur
719 1267 864 1321 laeti.
942 1267 1070 1320 Inde
1100 1267 1251 1321 locus
1282 1268 1370 1320 hic
1404 1268 1730 1322 Francorum
1761 1268 1935 1322 dictus
1963 1274 2044 1322 est
2075 1268 2282 1325 vadum.

398 1339 462 1391 In
498 1339 594 1391 illa
631 1338 976 1407 expedicione
1013 1339 1288 1408 predictus
1327 1357 1494 1404 cesar,
1533 1358 1654 1393 cum
1693 1358 1749 1394 se
1787 1341 1893 1392 iam
1932 1341 2000 1394 ab
2038 1340 2282 1394 hostibus

397 1416 714 1479 superatum
760 1428 876 1464 esse
921 1417 1286 1479 cognosceret,
1336 1413 1597 1480 precessit
1639 1412 1774 1465 talia
1819 1411 1988 1468 fatus:
2065 1412 2280 1466 ‘Karius

399 1483 529 1535 mihi
568 1487 671 1548 est,
729 1488 788 1535 ut
830 1483 1016 1551 populi
1062 1483 1449 1551 exprobrantes
1499 1482 1714 1537 *dicant
1764 1501 1847 1537 me
1891 1484 2017 1537 hinc
2062 1483 2323 1553 fugisse,*

398 1571 560 1621 quam
598 1554 686 1607 hic
725 1554 1003 1619 cecidisse3
1045 1556 1188 1622 quia,
1228 1555 1353 1608 dum
1390 1556 1521 1620 vivo,
1568 1556 1800 1609 iniuriae
1837 1556 2044 1624 pondus
2080 1556 2280 1610 inlatae

397 1626 789 1680 vindicaturum
817 1644 901 1679 me
927 1627 1117 1696 sper0.'
1172 1627 1387 1680 *Annod
1410 1627 1707 1682 dominicae
1732 1629 1935 1682 incarn.
1967 1626 2141 1681 DCCC
2166 1669 2178 1682 .
2199 1669 2211 1682 .
2233 1637 2278 1681 ,θ
2302 1644 2319 1662 *

396 1698 670 1766 predictus
708 1701 896 1751 cesar*
941 1699 1012 1752 ad
1058 1716 1186 1752 suae
1231 1700 1449 1753 virtutis
1496 1704 1549 1752 et
1592 1699 1764 1753 bonae
1810 1699 2146 1769 operacionis
2191 1699 2277 1753 de-

395 1771 740 1823 auracionem
785 1772 839 1823 in
880 1789 987 1824 una
1022 1771 1110 1824 die
1151 1771 1278 1824 VIII
1316 1772 1654 1840 episcopatus
1699 1772 1754 1824 in
1795 1771 2029 1825 Saxonia
2067 1770 2278 1825 Christo

398 1842 611 1896 subdita
649 1842 922 1912 dispositis
961 1843 1320 1912 singularibus
1359 1844 1672 1910 parrochiis,
1711 1843 1990 1897 constituit
2012 1844 2135 1896 ¹·**.
2178 1859 2181 1862 ⁴

542 1917 624 1970 76.
666 1914 799 1985 (54.)
855 1916 1094 1980 Quatuor
1138 1933 1298 1968 naves
1335 1916 1664 1969 Venetorum
1712 1933 1902 1984 magne
1950 1914 2278 1983 diversisque

394 1986 681 2055 pigmentis
731 1987 928 2040 referte
976 1987 1319 2055 naufragium
1369 1993 1494 2040 sunt
1543 1987 1614 2059 [in
1661 1986 1903 2057 predicto
1952 1986 2112 2059 anno]
2159 2004 2276 2056 per—

394 2076 601 2127 pessae.
676 2059 767 2123 Et,
830 2065 888 2112 ut
934 2059 1202 2128 predixi2‚
1260 2060 1316 2111 in
1365 2060 1602 2113 occiduis
1650 2059 1896 2127 partibus
1945 2076 2068 2112 raro
2117 2064 2279 2112 antea

394 2130 800 2198 quiescentibus
838 2131 1086 2199 pacifica,
1148 2132 1259 2183 Deo
1299 2132 1522 2199 gratias!
1570 2131 1859 2184 manebant
1904 2131 2132 2186 cunctas.
2206 2130 2277 2183 Et

393 2201 742 2256 Ekkihardus
795 2203 1065 2256 confrater
1111 2220 1281 2267 meUS,
1341 2205 1513 2257 sancti
1553 2203 1804 2256 Iohannis
1850 2203 2121 2272 baptistae
2165 2219 2275 2255 mo-

488 2333 533 2386 *)
565 2333 755 2377 Karolus
786 2335 892 2379 add.
921 2336 973 2379 V.

458 2405 535 2458 *²¹²³
566 2405 767 2507 {31}th
788 2406 1054 2507 ίῖξὶηὶἒέξὲὲ
1082 2407 1243 2507 {112ss1}
1254 2406 1604 2519 ¹3r513a33431i15‘s·
1629 2407 1956 2507 ffiffssasshffi
1987 2404 2140 2508 8ξίὓὶ
2157 2404 2276 2506 fihm

565 2521 812 2565 venerabili
841 2521 936 2565 viro
966 2520 1241 2573 Adelhardo,
1284 2521 1402 2565 datis
1432 2521 1635 2578 reliquiis
1672 2521 1816 2565 sancti
1845 2520 2063 2576 Stephani
2098 2519 2276 2576 protho-

569 2579 785 2633 martiriS,
831 2577 1095 2623 Corbeiense
1133 2578 1364 2623 cenobium
1409 2579 1496 2634 ipsi
1534 2580 1778 2623 construxit
1814 2580 1860 2623 et
1896 2577 2092 2622 dedicari
2120 2575 2276 2622 fecit-3.

565 2636 666 2691 Ipse
705 2650 807 2680 vero
838 2651 959 2680 cesar
990 2637 1046 2680 ad
1075 2637 1220 2692 ipsum
1253 2636 1484 2681 cenobium
1517 2635 1710 2681 tradidit
1746 2635 2028 2687 donacioneS,
2067 2635 2276 2680 abbacias

566 2693 740 2738 scilicet
770 2694 1014 2751 Eresburg,
1046 2695 1271 2750 Meppiam
1310 2696 1356 2738 et
1395 2695 1540 2738 multa
1576 2694 1731 2749 predia
1774 2694 1822 2738 in
1860 2693 2086 2751 aquilone,
2117 2692 2275 2737 villam

567 2765 738 2808 quoque
771 2751 940 2796 Huxeri
975 2766 1074 2795 cum
1109 2752 1311 2796 omnibus
1348 2752 1554 2796 terminis
1592 2751 1695 2795 suis.
1766 2752 1910 2795 Huius
1948 2764 2119 2808 quoque
2155 2749 2274 2794 filius

566 2808 826 2853 Ludowicus
856 2809 1003 2853 iunior
1031 2809 1224 2854 tradidit
1255 2810 1487 2854 abbatiam
1518 2809 1717 2861 visbike,
1749 2809 1942 2854 decimas
1973 2822 2144 2865 quoque
2175 2821 2275 2852 cum

567 2866 857 2910 decimalibus
889 2867 1085 2911 ecclesiis
1116 2868 1163 2911 in
1200 2868 1458 2923 episcopatu
1494 2866 1780 2923 Asnebruggi
1825 2869 1871 2910 et
1906 2866 2197 2921 piscationem
2226 2865 2275 2909 in

565 2924 766 2975 Wesera,
800 2938 912 2981 quae
943 2924 1107 2968 dicitur
1136 2924 1373 2976 Hocwar4;
1406 2939 1517 2981 quae
1547 2925 1638 2968 iam
1669 2924 1868 2980 superius
1899 2924 2021 2968 dicta
2051 2925 2169 2968 sunt.
2219 2922 2274 2967 In

565 2981 645 3025 hoc
676 2981 858 3026 cenobio
887 2983 1032 3037 primo
1062 2983 1309 3027 monastica
1339 2982 1575 3038 disciplina
1604 2983 1653 3026 in
1675 2981 1865 3027 Saxonia
1901 2982 2053 3027 floruit
2082 2984 2128 3025 et
2155 2982 2273 3036 post-

564 3038 743 3083 modum
780 3039 982 3094 pluribus
1021 3040 1067 3083 in
1103 3040 1211 3084 locis
1253 3040 1345 3084 eius
1386 3040 1579 3096 patriae,
1627 3053 1810 3096 quorum
1855 3040 2051 3084 omnium
2088 3037 2273 3084 Corbeia

565 3111 652 3140 non
681 3097 908 3141 immerito
939 3100 1074 3153 caput
1105 3101 1151 3142 et
1181 3100 1329 3142 mater
1359 3101 1405 3142 et
1435 3096 1756 3155 quodammodo
1785 3097 1928 3141 tocius
1958 3096 2106 3152 patrie
2144 3096 2273 3140 decus

565 3167 664 3197 cum
695 3169 771 3198 suo
802 3154 908 3198 Vito
944 3155 1157 3199 habetur:
1204 3156 1280 3212 qui
1319 3170 1370 3199 ex
1400 3170 1484 3212 quo
1521 3155 1634 3199 hanc
1664 3155 1790 3199 venit
1818 3155 1866 3198 in
1895 3154 2103 3210 patriam,
2143 3167 2195 3198 ex
2224 3168 2274 3199 eo

564 3210 754 3256 Saxonia
784 3213 831 3256 in
862 3212 1101 3257 Teutonico
1138 3226 1275 3267 regno
1311 3213 1609 3268 principatur,
1642 3213 1747 3269 quia
1786 3212 1878 3256 eius
1915 3211 2117 3267 precibus
2155 3211 2274 3268 apud

564 3269 708 3313 Deum
740 3272 785 3314 et
815 3270 988 3314 meritis
1019 3271 1064 3314 in
1096 3270 1311 3323 omnibus,
1342 3273 1393 3314 ut
1423 3284 1662 3326 speramus,
1695 3270 1942 3315 adiuvatur.

393 3367 431 3409 a)
460 3368 719 3409 bauuanberge
741 3371 788 3402 D.
899 3370 937 3406 b)
966 3379 1039 3401 nau
1062 3379 1197 3401 erasum
1221 3372 1254 3402 1.
1366 3372 1400 3409 c)
1430 3371 1624 3402 cautoritas
1647 3380 1744 3402 eraso
1767 3379 1787 3402 c
1809 3373 1839 3405 1.
1946 3370 1984 3409 d)
2006 3370 2174 3411 reliquam
2196 3370 2275 3406 folii

388 3413 524 3451 partem
548 3414 706 3444 exaravit
729 3414 769 3454 T,
790 3416 891 3453 alque
916 3414 1166 3453 singularibus
1189 3415 1227 3445 in
1251 3415 1322 3445 loco
1344 3423 1435 3445 raso.
1527 3414 1563 3454 e)
1583 3413 1646 3445 hoe
1670 3415 1741 3445 loco
1763 3415 1794 3445 T
1810 3415 1962 3454 epatium
1984 3414 2180 3454 quindecim
2201 3414 2272 3449 sere

395 3455 587 3486 litterarum
610 3465 757 3487 vacuum
779 3457 932 3496 reliquit.
1021 3457 1051 3498 f)
1075 3461 1184 3489 cunta
1211 3466 1298 3488 corr.
1324 3460 1454 3488 cuncta
1478 3457 1518 3488 T.

396 3539 438 3593 1)
485 3543 703 3586 Fortasse
743 3556 796 3586 ex
838 3543 1000 3587 Chron.
1044 3545 1197 3592 Halb„
1242 3544 1300 3597 cf.
1344 3545 1462 3587 Anu.
1498 3543 1606 3588 Sam.
1642 3544 1739 3588 781.
1856 3542 1900 3596 2)
1947 3542 2103 3600 Supra
2141 3557 2176 3588 c.
2200 3543 2270 3588 54.

392 3598 1075 3710 Ξὲόξιῧταέιφῗῗτῖζοῖρέίᾶῗοηατοφάφη
1100 3600 1254 3655 Corb.,·
1285 3614 1324 3645 v.
1348 3614 1492 3656 supra
1526 3602 1663 3645 VIII.
1700 3602 1764 3646 13.
1881 3601 1925 3655 4)
1957 3603 2034 3646 Ex
2058 3600 2270 3657 Cataloyo
