2456 4036
221 360 346 405 1005.

114 791 232 827 Math.
243 795 296 833 10,
302 794 356 825 26.

378 225 461 268 146
893 222 1229 266 THIETMARI
1259 220 1476 265 CHRON.
1536 221 1648 264 LIB.
1680 222 1756 265 VI.

378 350 453 402 cis
506 366 690 402 eorum
743 347 1035 400 elemosina
1086 346 1376 398 lucrandis,
1468 346 1573 398 Sed
1625 348 1670 398 si
1722 347 2049 401 extrinsecus
2103 366 2254 403 omne

378 420 631 483 defertur,
671 437 779 486 qua
815 420 1101 469 securitate
1140 418 1236 469 hoc
1267 417 1474 479 crescit,
1514 418 1666 470 cuius
1695 418 1936 485 profectu
1967 419 2256 472 multorum

377 491 659 544 diminutio
706 489 900 557 gemit?
985 487 1141 539 Certe
1186 503 1294 539 non
1338 487 1394 539 id
1437 487 1593 540 firma
1639 489 1932 541 stabilitate
1971 490 2254 555 exaltatur,

375 563 469 615 sed
528 561 824 640 lugubriter
882 558 1200 626 quandoque
1261 558 1631 626 degradatura.
1729 560 1785 613 Si
1844 561 1999 614 sileat
2058 562 2256 614 veritas

377 634 622 686 Chiistus
668 632 888 697 eiusque
935 646 1192 698 precones
1236 629 1473 697 linguam
1518 632 1800 683 mordeant
1848 649 2053 696 omneS,
2108 639 2255 685 estne

375 705 477 756 hoc
513 709 683 755 totum
721 718 817 767 per
854 703 1032 753 omnia
1067 700 1202 753 bene
1238 701 1518 753 limatum?
1591 702 1740 754 Tuba
1778 703 1983 756 sonat*
1994 721 2252 772 euvange-

373 776 499 838 lica,
555 773 687 823 nihil
739 781 967 841 opertum
1009 773 1158 842 fore,
1211 773 1348 841 quod
1397 792 1498 824 ‘non
1551 774 1875 825 revelabitur.
1962 775 2254 843 Postquam

372 845 630 897 voluntati
669 851 885 896 nostrae
923 844 979 895 in
1023 842 1269 896 omnibus
1316 843 1695 907 satisfecimus,
1742 844 2012 899 ineffabile
2055 847 2255 898 malum

374 915 711 968 dissimulato
763 913 1000 967 facinore
1051 915 1291 983 perpessi
1344 933 1550 981 sumus3
1611 915 1818 983 fragilis
1877 922 2102 970 naturae
2158 935 2255 971 nos

373 986 746 1040 commortales
792 1003 974 1038 sumus
1031 991 1084 1039 et
1127 986 1306 1038 omnia
1349 994 1486 1039 nutu
1531 1005 1626 1039 suo
1670 987 1907 1055 pondera
1955 989 2010 1039 in
2057 998 2255 1041 terram

372 1058 501 1111 ferri
531 1074 636 1109 non
666 1058 1007 1111 nesscimusb.
1061 1057 1474 1126 Resipiscenda0
1497 1059 1862 1125 respiciamuS,
1893 1065 2255 1113 ammonentes

371 1147 543 1198 neque
596 1146 926 1197 spernemus,
989 1130 1254 1196 promissa
1312 1128 1558 1183 fidelibus
1611 1131 1818 1183 cunctis
1877 1131 2083 1198 premia
2135 1149 2255 1184 cum

372 1200 746 1253 mandatorum
786 1201 1155 1254 observatione
1193 1200 1487 1253 divinorum
1530 1203 1887 1269 acquiramus.
1961 1202 2082 1255 Non
2113 1203 2256 1256 vide-

372 1290 525 1325 amur
572 1274 772 1324 nostris
820 1271 1248 1325 antecessoribus
1296 1273 1563 1338 meliores,
1619 1274 1746 1341 quia
1793 1274 1997 1342 pariter
2043 1274 2255 1342 decepti

371 1345 428 1396 in
465 1344 614 1396 varia
661 1344 833 1411 specie
878 1345 1013 1396 recti
1056 1344 1158 1396 hiis
1205 1361 1388 1396 sumus
1435 1315 1632 1416 [niniis]
1679 1345 2004 1412 inaequales.
2086 1345 2253 1398 Nemo

371 1417 653 1479 irascatur,
680 1433 797 1467 cun]
828 1420 1048 1484 propter
1070 1415 1243 1468 Deum
1273 1415 1645 1469 familiariterd
1675 1415 1744 1468 ab
1773 1417 1953 1484 aliquo
1979 1423 2253 1497 arguatur.

374 1486 586 1540 Caritas
617 1486 842 1554 benigne
873 1505 906 1539 a
936 1487 1141 1539 cunctis
1177 1488 1506 1555 succipiatur
1536 1493 1589 1541 et
1611 1474 1677 1540 ob
1699 1489 2255 1555 recompensacionem

373 1575 656 1627 supernam
695 1559 894 1611 veritas
932 1558 1077 1610 nuda
1122 1557 1455 1613 sufferature.
1546 1559 1706 1627 Optet
1749 1558 1988 1612 fidelium
2034 1560 2255 1628 supplex

370 1631 568 1699 peticio
614 1631 851 1682 omnium
895 1630 1255 1682 necessariam
1301 1629 1367 1682 de
1409 1629 1570 1683 rebus
1614 1631 1698 1682 his
1744 1637 1796 1683 et
1839 1630 1904 1683 de
1941 1631 2254 1684 criminibus

372 1702 493 1754 aliis
538 1719 571 1753 a
613 1701 827 1754 Christo
872 1701 1278 1769 indulgentiam.
1362 1702 1432 1754 Et
1476 1719 1571 1770 ego
1614 1703 1772 1770 longe
1816 1702 2089 1771 digressus
2135 1700 2256 1775 [re]-

371 1779 551 1842 petam
588 1774 832 1840 inceptae
869 1773 1197 1825 narrationis
1237 1790 1440 1826 cursus.

517 1846 600 1898 22.
652 1845 785 1915 (16.)
859 1844 1133 1896 Ordinatis
1188 1844 1485 1912 legionibus
1540 1847 1672 1897 rex*
1717 1845 1842 1897 inde
1898 1845 2253 1913 progreditur,

375 1922 428 1969 et
471 1917 658 1984 regina
713 1917 956 1969 celeriter
1006 1934 1220 1969 reversa
1281 1922 1526 1983 optatum
1571 1916 1754 1969 dilecti
1799 1918 2022 1970 senioris
2067 1918 2151 1970 sui
2199 1918 2255 1970 in

374 1987 609 2040 Saxonia
639 1988 863 2040 sollicite
900 1988 1303 2057 prestolabatur
1334 1988 1634 2041 adventum.
1711 1989 2045 2041 Exercitumf
2076 1993 2254 2042 autem

371 2066 617 2112 nostrum
658 2077 778 2111 cum
815 2060 1168 2128 prosperitate
1206 2059 1275 2112 ad
1311 2059 1509 2125 locum,
1556 2061 1648 2127 qui
1687 2060 1965 2112 Dobraluh
2003 2060 2203 2113 dicitur
2216 2060 2252 2125 l,

372 2132 428 2183 in
475 2148 612 2200 pago
651 2132 864 2184 Luzicig
900 2133 1198 2184 venientem
1249 2131 1532 2184 Heinricus
1579 2137 1632 2184 et
1667 2132 1947 2185 Iarimirus
1985 2132 2146 2185 duces
2184 2131 2255 2184 ad

375 2203 803 2271 supplementum
871 2203 1108 2255 eiusdem
1175 2220 1295 2255 cum
1361 2203 1471 2255 suis
1538 2209 1883 2271 properantes
1961 2203 2257 2256 laetificant

372 2276 717 2343 maiorequeh
748 2275 955 2327 consilii
987 2280 1040 2326 et
1069 2274 1404 2327 fortitudinis
1440 2292 1531 2343 spe
1561 2274 1830 2328 roborant.
1898 2275 2000 2327 Hic
2031 2275 2254 2327 ducibus

373 2350 641 2415 corruptis
681 2351 733 2398 et
771 2364 868 2398 sua
905 2346 1193 2398 defendere
1240 2346 1579 2412 cupientibus
1615 2364 1712 2414 per
1749 2346 2064 2400 solitudines
2104 2346 2254 2415 palu-

371 2417 571 2486 desque
636 2418 1028 2470 circumductus
1093 2417 1400 2470 ad*modum
1460 2424 1717 2485 gravatur
1776 2425 1852 2482 et,
1908 2436 1974 2471 ne
2026 2419 2133 2471 cito
2186 2417 2255 2471 ad

371 2489 581 2542 hostem
615 2489 896 2542 ledendum
927 2491 1247 2558 perveniret,
1285 2488 1466 2542 invida
1497 2507 1680 2543 eorum
1711 2490 2045 2557 malignitate
2075 2489 2253 2542 tarda-

371 2567 479 2614 tur.
590 2561 721 2614 Inde
788 2562 1118 2629 provinciam
1178 2560 1309 2613 Nice
1367 2560 1645 2614 vocatam2
1711 2562 1899 2614 itinere
1966 2561 2254 2630 attingensi

370 2633 524 2685 iuxta
575 2633 841 2702 Sprewam
893 2632 1146 2685 fluvium3
1206 2638 1382 2685 castra
1442 2638 1672 2686 metatus
1725 2638 1820 2686 est.
1918 2631 2073 2685 Hunc
2133 2650 2254 2686 cum

370 2704 580 2757 hostem
629 2723 693 2758 ex
737 2705 904 2757 latere
949 2704 1135 2757 abdito
1181 2708 1456 2757 nocentem
1495 2703 1863 2757 Thiebernus4
1908 2704 2062 2757 miles
2107 2722 2252 2773 egre-

464 2835 509 2889 *)
542 2848 568 2877 a
596 2834 761 2879 Liezka
791 2836 897 2879 add.
922 2835 962 2878 2.

371 2932 410 2974 a)
434 2933 528 2966 hunc
558 2936 669 2966 locum
691 2936 712 2966 2
742 2936 793 2966 ita
822 2934 973 2966 exhibet:
1010 2933 1289 2966 exaltabitur—
1305 2933 1563 2974 degradabitur
1592 2936 1628 2964 et
1658 2935 1867 2964 sanctorum
1896 2935 2040 2972 patrum
2071 2933 2251 2965 institutio

370 2977 692 3016 redintegrabitur.
746 2978 862 3010 Sileat
886 2986 935 3017 v.,
958 2986 1027 3017 que
1051 2979 1108 3008 est
1130 2976 1184 3016 0.,
1207 2985 1242 3016 p.
1268 2985 1300 3008 e.
1327 2985 1361 3009 ο.
1386 2978 1411 3008 l.
1436 2985 1507 3008 m.:
1540 2976 1678 3016 lapides
1702 2976 1921 3018 clamabunt,
1945 2976 2013 3007 hec
2036 2976 2157 3007 omnia
2178 2985 2251 3008 non

369 3020 463 3052 bene
492 3030 576 3053 esse
604 3022 744 3053 limata.
797 3021 903 3053 Tuba
932 3021 1149 3058 euangelica
1179 3022 1295 3061 sonat,
1326 3029 1362 3052 n.
1387 3029 1420 3051 ο.
1445 3027 1536 3058 esse,
1569 3029 1603 3059 q.
1628 3028 1664 3050 n.
1689 3028 1719 3052 r.
1757 3019 1906 3058 Veniet,
1934 3020 2101 3059 inquam,
2130 3019 2252 3052 veniet

369 3068 524 3104 tempus,
546 3073 616 3104 quo
639 3068 675 3096 et
696 3066 850 3096 istorum
872 3064 968 3104 hypo
977 3064 1083 3095 crisis
1106 3063 1295 3102 detegetur
1318 3066 1355 3095 et
1376 3063 1527 3102 antiqua
1547 3065 1691 3102 patrum
1713 3063 1892 3093 institutio
1914 3070 1978 3102 per
1994 3063 2115 3093 omnia
2129 3062 2251 3094 lauda-

370 3107 477 3139 bilior
506 3108 566 3139 his
596 3108 752 3139 diversis
782 3107 1005 3139 novitatibus
1038 3114 1120 3138 esse
1152 3109 1403 3145 cognoscetur.
1457 3107 1532 3137 Nos
1561 3108 1772 3145 peccatores
1801 3108 2006 3145 postquam.
2093 3104 2132 3146 b)
2162 3113 2250 3137 ones

371 3149 449 3188 (pro
478 3149 582 3191 ones)
617 3152 753 3182 scimus
784 3151 827 3190 B,
858 3158 930 3181 non
959 3150 1165 3181 nesscimus
1194 3159 1285 3181 corr.
1312 3150 1353 3181 T.
1448 3147 1482 3189 c)
1503 3148 1757 3188 resipiscanda
1778 3150 1809 3181 1.
1857 3147 2066 3181 Omittenda
2088 3156 2250 3188 quaeque

369 3194 621 3235 respiciamus,
652 3193 900 3226 admonitores
921 3195 1064 3224 nostros
1086 3201 1159 3224 non
1182 3201 1409 3232 spernamus,
1440 3191 1505 3224 sed
1527 3192 1695 3223 conversi
1722 3192 1898 3231 promissa
1920 3191 1947 3222 f.
1972 3200 2002 3225 c.
2025 3200 2062 3231 p.
2086 3199 2117 3223 c.
2142 3200 2174 3223 ο.
2199 3200 2249 3223 ιιι.

370 3236 442 3267 Dei
466 3238 711 3276 acquiramus.
764 3237 846 3268 Non
869 3245 908 3269 v.
931 3245 981 3268 m.
1005 3245 1039 3267 a.
1063 3245 1113 3275 n.,
1134 3235 1221 3275 quia
1251 3235 1298 3267 ab
1330 3243 1455 3267 eorum
1485 3235 1739 3275 probatissima
1763 3234 2041 3267 conversatione
2063 3233 2251 3266 deviantes

370 3279 459 3319 ipsis
484 3278 592 3311 nimis
616 3280 805 3320 inequales
829 3288 969 3311 sumus·
1022 3259 1136 3311 Nenio
1134 3245 1321 3310 qfidelium
1343 3279 1534 3318 irascatur,
1564 3287 1647 3309 cum
1676 3282 1820 3318 propter
1841 3279 1962 3309 Deum
1992 3277 2180 3309 caritative
2203 3278 2249 3309 ab

371 3322 493 3362 aliquo
517 3323 742 3355 admonetur.
789 3322 931 3354 caritas
954 3324 989 3354 2.
1100 3321 1136 3363 d)
1173 3321 1371 3353 famialiter
1392 3323 1435 3360 B,
1471 3330 1561 3352 corr.
1581 3322 1621 3353 T.
1732 3325 1766 3359 e)
1804 3320 2001 3352 suffaratur
2023 3321 2066 3360 Β,
2100 3329 2188 3352 corr.
2208 3319 2248 3351 T.

370 3364 400 3406 f)
422 3366 643 3398 excercitum
666 3367 710 3399 Β.
800 3366 839 3407 g)
860 3365 1002 3398 luidere
1024 3365 1221 3405 231iudice
1245 3366 1288 3397 A.
1304 3366 1341 3396 S.
1426 3345 1468 3405 'h)
1491 3365 1701 3404 maioraque
1722 3366 1755 3396 1.
1842 3365 1869 3405 i)
1891 3364 2114 3403 attingentes
2136 3365 2168 3395 1.

372 3465 414 3517 1)
457 3468 713 3524 Dobriluyk
748 3468 799 3510 in
834 3467 1034 3511 Lusatza
1068 3466 1288 3520 inferiori.
1345 3465 1402 3509 L.
1553 3465 1597 3518 2)
1637 3466 1680 3508 Ι.
1704 3478 1739 3509 e.
1770 3478 1868 3509 eam
1898 3465 1999 3517 fere
2027 3463 2248 3508 Lusatiae

372 3522 603 3572 infertores
644 3525 875 3569 marchiae
916 3529 1106 3579 partem,
1147 3537 1262 3579 quae
1301 3523 1419 3567 inter
1459 3522 1598 3577 Spree
1634 3528 1676 3567 et
1712 3522 1876 3566 Neisse
1915 3521 2078 3575 fluvios
2118 3521 2247 3565 iacet.

367 3579 415 3631 3)
446 3581 597 3635 Spree.
712 3581 757 3636 4)
789 3583 1007 3626 Fortasse
1037 3580 1344 3626 Thiedbernus
1371 3580 1448 3624 ille
1476 3593 1622 3634 supra
1651 3594 1686 3624 c.
1713 3581 1766 3624 16
1797 3582 2180 3624 commemoratus.

2276 721 2295 741 *
2309 723 2377 763 sol.
2394 722 2456 772 101

2279 2435 2296 2452 *
2313 2436 2381 2476 fol.
2400 2435 2437 2468 10
