2456 4036
79 1141 169 1165 man.
187 1134 235 1165 D.

82 1858 128 1891 ol.
146 1856 232 1890 173‘.

664 221 998 266 THIETMARI
1029 220 1245 266 CHRON.
1301 222 1411 266 LIB.
1442 221 1557 265 VIII
1588 220 1726 274 (VII).
2036 223 2118 266 235

263 343 541 397 custodum
581 345 657 396 nil
702 352 905 399 curant.
992 347 1321 399 Domesticos
1360 348 1542 399 colunt
1579 346 1703 399 deos
1754 342 2118 415 multum[que]

262 414 364 467 sibi
410 414 661 483 prodesse
722 415 929 468 eosdem
987 423 1261 484 sperantes
1319 417 1423 469 hiis
1471 417 1743 470 inmolant.
1816 415 2008 467 Audivi
2057 414 2120 467 de

260 485 492 553 quodam
529 485 741 549 bacu10‚
790 486 843 537 in
882 487 1033 539 cuius
1072 490 1321 540 sumitate
1366 506 1554 540 manus
1603 493 1720 541 erat
1763 504 1926 538 unum
1963 486 2018 537 in
2065 503 2120 537 se

260 553 527 627 [ferreum]
565 561 750 607 tenens
789 557 1060 622 circulum,
1101 558 1242 625 quod
1280 576 1399 611 cum
1436 566 1650 625 pastore
1687 558 1830 611 illius
1858 557 2029 620 villae,
2066 557 2121 608 in

261 644 363 695 quo
394 627 470 679 isa
507 628 700 690 fuerat,
733 643 833 694 per
869 645 1049 680 omnes
1087 629 1268 681 domos
1307 630 1404 681 has
1443 631 1783 697 singulariter
1819 627 2026 693 ductus,
2064 628 2119 679 in

259 698 429 765 primo
460 697 678 749 introitu
709 713 742 748 a
771 699 1029 765 portitore
1061 716 1154 752 suo
1186 700 1263 751 sic
1293 701 1638 753 salutaretur:
1678 699 1885 767 ‘Vigila‚
1910 699 2119 762 Hennil,

258 767 457 837 vigila!’
495 798 565 805 —
604 768 679 820 sic
725 768 863 819 enim
908 770 1113 821 rustica
1155 770 1445 823 vocabatur
1487 772 1668 839 lingua
1684 772 1724 835 ¹,
1769 801 1835 808 —
1883 775 1935 822 et
1978 767 2121 841 [epu-

259 838 434 892 lantes
502 837 578 890 ibi
638 837 880 910 delicate]
948 840 1012 892 de
1075 840 1308 892 eiusdem
1370 859 1424 893 se
1483 844 1621 894 tueri
1673 840 1916 894 custodia
1973 841 2122 893 stulti

259 909 626 973 autumabant,
665 909 974 976 ignorantes
1012 910 1145 963 illud
1184 911 1506 965 Daviticum:
1566 911 1862 965 Simulacra
1898 912 2122 980 qentium

261 1000 418 1052 opera
462 981 721 1033 hominum
766 985 819 1032 et
862 986 1086 1034 caetera.
1162 980 1371 1034 Similes
1416 981 1561 1054 [illis]
1591 985 1731 1052 fiant
1763 983 2019 1050 facientes
2061 1001 2120 1035 ea

257 1061 303 1105 et
340 1052 636 1121 confidentes
671 1051 787 1103 hiis.

401 1125 484 1177 70.
524 1121 658 1193 (51.)
697 1121 863 1186 *Quia
886 1139 1008 1175 vero
1035 1138 1189 1175 omne
1212 1140 1394 1176 rarum
1425 1132 1506 1177 est
1536 1126 1720 1192 utique
1750 1123 2122 1176 admirandum

259 1211 322 1248 ac
357 1210 579 1262 persepe
617 1198 677 1245 ut
712 1198 956 1261 portenta
993 1193 1327 1262 stupendum,
1365 1194 1484 1247 ideo
1523 1195 1791 1264 quandam
1821 1213 1947 1260 rem,
1987 1212 2122 1263 quae

258 1267 314 1318 in
371 1265 570 1317 nostris
631 1265 805 1317 evenit
860 1265 1211 1331 temporibuS‚
1274 1267 1514 1332 explano,
1599 1267 1942 1320 Serenissimo
1999 1283 2122 1334 rege

263 1336 510 1389 Heinrico
575 1335 735 1387 tuncb
798 1335 1103 1388 dominante
1161 1353 1226 1388 ac
1287 1337 1556 1404 Wigberto
1616 1344 1950 1391 antecessore
2006 1353 2122 1389 meo

257 1408 478 1476 vigente,
518 1408 572 1458 in
611 1406 764 1458 villae
808 1406 1039 1475 quadam
1077 1406 1304 1459 Rotlizid
1349 1407 1548 1472 dicta2‚
1597 1427 1755 1478 quam
1802 1427 1834 1460 a
1879 1413 2123 1460 matrona

259 1478 547 1532 venerabili
564 1477 681 1541 Ida,
705 1495 845 1530 nuru
860 1478 1021 1546 primi
1040 1478 1296 1541 Ottonis3‚
1322 1486 1535 1532 nostrae
1556 1480 1808 1532 traditam
1835 1479 2124 1532 aecclesiae

261 1549 401 1603 Gezo
439 1550 739 1618 prepositus
768 1554 926 1602 tunce
956 1549 1010 1601 in
1042 1548 1355 1602 beneficium
1387 1552 1575 1616 tenuit,
1615 1552 1753 1604 sicut
1782 1551 1849 1603 ab
1879 1567 1942 1603 eo
1975 1568 2121 1603 vera-

259 1621 394 1673 citer
446 1621 704 1690 comperi,
758 1621 967 1674 accidit.
1058 1620 1121 1672 In
1173 1639 1341 1674 messe
1393 1622 1684 1686 laboriosa,
1739 1641 1856 1675 cum
1909 1622 1961 1673 in
2015 1640 2123 1674 una

257 1692 463 1745 dierum
517 1692 748 1761 operarii
801 1691 1037 1744 eiusdem
1090 1692 1198 1744 iam
1250 1693 1379 1745 lassi
1431 1711 1486 1745 se
1545 1694 1836 1746 voluissent
1893 1692 2122 1756 reficere,

256 1781 450 1833 panem
481 1763 730 1831 primitus
761 1763 987 1815 incisum
1018 1764 1328 1830 sanguinem
1360 1763 1604 1817 viderunt
1634 1764 1921 1827 effundere;
1962 1764 2120 1832 idque

259 1836 587 1888 admirantes
645 1834 841 1887 seniori
893 1851 989 1887 suo
1042 1835 1451 1903 concivibusque
1504 1835 1801 1888 ostendunt.
1890 1835 2006 1899 *Et‚
2068 1842 2123 1887 ut

258 1923 397 1970 reor,
435 1905 534 1959 hoc
570 1905 867 1974 prodigium
905 1905 1072 1957 futuri
1110 1907 1312 1959 exitum
1357 1906 1480 1959 belli
1527 1925 1589 1959 ac
1632 1907 1687 1958 in
1733 1924 1792 1959 eo
1838 1907 2118 1958 multorum

258 1995 500 2030 cruorem
537 1977 807 2029 hominum
845 1976 1170 2045 presignavit
1207 1983 1594 2032 emanaturum.

401 2052 484 2104 71.
526 2048 762 2101 Alteram
801 2064 1012 2116 quoque
1048 2066 1177 2112 rem,
1217 2050 1457 2117 quamvis
1496 2049 1663 2101 multo
1701 2048 2119 2112 laudabiliorem,

255 2126 437 2173 tamen
488 2119 787 2172 mirabilem
840 2119 1230 2188 memoriaeque
1284 2119 1499 2188 dignam
1552 2120 1809 2174 describo,
1894 2119 1951 2171 In
2001 2137 2123 2172 arce

258 2191 530 2254 Romulea,
585 2207 721 2260 quae
772 2191 1005 2242 omnium
1056 2196 1137 2243 est
1184 2191 1359 2260 capud
1409 2191 1620 2244 urbium
1673 2190 1740 2244 ob
1794 2191 2122 2243 diversarum

258 2263 570 2331 qualitatem
609 2279 906 2326 causarum,
952 2262 1007 2313 in
1052 2279 1160 2315 una
1204 2263 1464 2316 aecclesia
1512 2269 1565 2316 et
1608 2264 1662 2314 in
1708 2262 1926 2315 dextera
1968 2269 2122 2330 parte

256 2334 458 2398 altariS,
498 2333 567 2386 ab
604 2351 710 2386 uno
748 2333 1037 2400 pavimenti
1073 2332 1336 2387 foramine
1373 2352 1467 2403 per
1503 2335 1765 2402 integrum
1797 2333 1951 2397 diem,
1989 2333 2122 2384 mul-

255 2408 327 2459 tis
356 2405 459 2459 hoc
490 2404 829 2458 cernentibus
859 2408 1020 2472 atque
1043 2405 1396 2474 stupentibUS‚
1428 2406 1599 2459 oleum
1626 2406 1904 2459 emanavit.
1951 2404 2123 2456 Huius

254 2482 461 2547 partem
492 2476 756 2530 Iohannes
788 2475 1053 2529 Crecentii
1090 2475 1231 2529 filius
1269 2478 1324 2529 in
1363 2477 1577 2545 ampula
1607 2476 1839 2545 quadam
1875 2475 2122 2528 Heinrico

258 2549 456 2602 seniori
501 2565 598 2601 suo
644 2553 697 2600 et
739 2553 867 2600 tunc
915 2548 1028 2615 regi
1075 2555 1258 2601 nostro
1307 2548 1607 2601 transmisit
1655 2553 1721 2610 et,
1773 2548 1899 2615 quia
1949 2547 2123 2598 oleum

256 2637 394 2673 nunc
431 2637 526 2688 pro
563 2618 930 2672 misericordia
965 2620 1195 2687 ponitur,
1235 2625 1294 2672 ut
1324 2624 1406 2672 est
1434 2619 1589 2672 illud:
1631 2617 1835 2690 [Oleum
1866 2619 1926 2670 de
1957 2619 2123 2687 capite

256 2701 342 2744 tuo
378 2710 479 2743 non
524 2691 739 2760 deficiet,
783 2707 924 2742 nunc
967 2708 1062 2759 pro
1109 2690 1442 2756 adulacione,
1489 2695 1551 2743 ut
1596 2690 1692 2743 hoc
1737 2688 1861 2760 estz]
1944 2689 2122 2742 Oleum

99 2790 135 2822 ρ.
154 2781 229 2814 859.
248 2763 539 2833 peccatoris
560 2780 662 2814 -non
683 2762 950 2832 inpinquet
972 2772 1125 2832 caput
1156 2781 1342 2827 meum,
1374 2763 1428 2814 in
1459 2762 1558 2814 hoc
1588 2763 1736 2829 signo
1761 2760 2121 2812 *clementiam

254 2834 478 2887 rectoris
524 2833 692 2886 nostri
737 2832 1134 2886 habundantem
1179 2843 1232 2886 et
1274 2834 1418 2886 illius
1466 2833 1680 2899 patricii
1728 2832 1998 2884 lasciviam
2047 2831 2123 2883 la-

254 2910 452 2973 tentem
502 2904 787 2973 perpendo,
873 2903 1118 2973 Namque
1173 2905 1219 2957 is
1269 2904 1592 2972 apostolicae
1640 2903 1781 2956 sedis
1826 2902 2125 2955 destructor

255 2975 562 3030 muneribus
600 2977 711 3028 suis
759 2981 812 3028 et
847 2975 1315 3044 promissionibusf
1353 2974 1676 3045 phaleratis4
1722 2991 1896 3042 regem
1942 2991 1974 3026 a
2015 2974 2122 3026 Deo

256 3048 603 3101 constitutum
656 3048 711 3100 in
762 3047 941 3116 palam
994 3065 1116 3114 sepe
1175 3047 1556 3109 honorificavit,
1617 3046 1706 3098 sed
1767 3045 2122 3113 inperatoriae

257 3119 535 3188 dignitatis
583 3118 855 3188 fastigium
908 3117 1049 3170 hunc
1102 3118 1384 3171 ascendere
1436 3117 1661 3169 multum
1715 3117 1907 3179 timuit,
1956 3117 2121 3168 omni-

254 3248 289 3332 ὃ)
311 3248 370 3322 hi?
394 3247 430 3280 0.
533 3247 730 3321 bleraeum
754 3250 787 3279 1.
890 3245 923 3287 c)
947 3246 1063 3278 nuilla
1083 3248 1130 3279 D.
1234 3246 1271 3288 d)
1294 3250 1308 3277 t
1330 3249 1359 3278 et
1382 3247 1525 3277 alterum
1548 3246 1559 3276 i
1585 3254 1717 3277 erasum
1742 3247 1774 3277 1.
1877 3243 1912 3285 e)
1934 3254 2069 3276 erasum
2091 3246 2122 3275 1.

308 3300 351 3323 su
368 3299 384 3321 s
408 3299 544 3322 erasum
591 3312 599 3321 .

215 3358 219 3362 ὁ
257 3394 299 3444 1)
342 3390 471 3445 Cous.
512 3389 583 3434 die
623 3390 1075 3441 Heinzelmannchem
1128 3391 1169 3433 I.
1202 3389 1390 3436 Grimm.
1439 3388 1678 3432 ‘Deutsche
1716 3388 2012 3444 Mytholoyie'
2050 3385 2120 3440 ⁴1,

255 3449 339 3493 416
369 3454 410 3493 et
437 3450 535 3493 421.
650 3447 694 3501 2)
728 3446 854 3502 Quae
881 3459 970 3491 non
1000 3447 1093 3491 iam
1124 3453 1279 3491 eoestat.
1395 3445 1439 3498 3)
1473 3446 1599 3489 Filia
1626 3445 1899 3488 Herimanni
1919 3446 1959 3489 I.
1992 3445 2122 3489 ducis

255 3506 552 3550 Alemanniae
576 3505 836 3557 (926—949)
868 3508 910 3547 et
930 3517 1071 3547 uoeore
1094 3504 1292 3557 Liudolfi
1316 3502 1487 3547 Ottom's
1510 3504 1549 3545 J.
1580 3502 1676 3557 filii,
1707 3503 1735 3553 †
1758 3503 1862 3552 986;
1895 3501 1952 3557 cf.
1976 3504 2049 3556 II,
2079 3503 2121 3546 4.

255 3562 300 3615 4)
333 3562 460 3615 (lons.
492 3575 635 3617 supra
677 3561 727 3614 V,
761 3562 815 3605 10
844 3575 886 3603 n.
947 3561 1045 3613 (L)

2153 354 2274 398 1017.

2145 911 2379 987 Psal⁴m.8113‚

2149 2627 2245 2662 Eccl.
2261 2629 2292 2669 9,
2314 2630 2347 2662 8.

2147 2684 2282 2760 ΡεειΙιέ.
2304 2688 2378 2726 140,
