<?xml version="1.0" encoding="UTF-8"?>
<!DOCTYPE html PUBLIC "-//W3C//DTD XHTML 1.0 Transitional//EN"
    "http://www.w3.org/TR/xhtml1/DTD/xhtml1-transitional.dtd">
<html xmlns="http://www.w3.org/1999/xhtml" xml:lang="en" lang="en">
 <head>
  <title>
</title>
<meta http-equiv="Content-Type" content="text/html;charset=utf-8" />
  <meta name='ocr-system' content='tesseract 3.04.00' />
  <meta name='ocr-capabilities' content='ocr_page ocr_carea ocr_par ocr_line ocrx_word'/>
</head>
<body>
  <div class='ocr_page' id='page_1' title='image "./thietmarimersebu00thieuoft_0013.png"; bbox 0 0 2372 3970; ppageno 0'>
   <div class='ocr_carea' id='block_1_1' title="bbox 760 331 2068 378">
    <p class='ocr_par' dir='ltr' id='par_1_1' title="bbox 760 331 2068 378">
     <span class='ocr_line' id='line_1_1' title="bbox 760 331 2068 378; baseline 0 -2"><span class='ocrx_word' id='word_1_1' title='bbox 760 333 1098 377; x_wconf 83' lang='lat' dir='ltr'>THIETMARI</span> <span class='ocrx_word' id='word_1_2' title='bbox 1130 331 1492 378; x_wconf 84' lang='lat' dir='ltr'><strong>CHRONICON.</strong></span> <span class='ocrx_word' id='word_1_3' title='bbox 2002 334 2068 376; x_wconf 92' lang='lat' dir='ltr'><strong><em>IX</em></strong></span> 
     </span>
    </p>
   </div>
   <div class='ocr_carea' id='block_1_2' title="bbox 162 459 2080 3082">
    <p class='ocr_par' dir='ltr' id='par_1_2' title="bbox 187 459 2071 616">
     <span class='ocr_line' id='line_1_2' title="bbox 187 459 2071 533; baseline -0.002 -18"><span class='ocrx_word' id='word_1_4' title='bbox 187 464 377 533; x_wconf 73' lang='lat' dir='ltr'><strong><em>yenuit,</em></strong></span> <span class='ocrx_word' id='word_1_5' title='bbox 430 462 693 514; x_wconf 83' lang='lat' dir='ltr'><strong><em>Heriberti</em></strong></span> <span class='ocrx_word' id='word_1_6' title='bbox 742 461 895 513; x_wconf 81' lang='lat' dir='ltr'><strong><em>liberi</em></strong></span> <span class='ocrx_word' id='word_1_7' title='bbox 938 461 1052 512; x_wconf 82' lang='lat' dir='ltr'><strong><em>Otto</em></strong></span> <span class='ocrx_word' id='word_1_8' title='bbox 1098 461 1185 530; x_wconf 82' lang='lat' dir='ltr'><strong><em>(de</em></strong></span> <span class='ocrx_word' id='word_1_9' title='bbox 1226 459 1613 529; x_wconf 85' lang='lat' dir='ltr'><strong><em>Hamerstein)¹</em></strong></span> <span class='ocrx_word' id='word_1_10' title='bbox 1653 469 1697 512; x_wconf 90' lang='lat' dir='ltr'><strong><em>et</em></strong></span> <span class='ocrx_word' id='word_1_11' title='bbox 1739 459 2071 512; x_wconf 79' lang='lat' dir='ltr'><strong><em>Gebehardus</em></strong></span> 
     </span>
     <span class='ocr_line' id='line_1_3' title="bbox 188 543 1635 616; baseline -0.001 -17"><span class='ocrx_word' id='word_1_12' title='bbox 188 548 393 599; x_wconf 78' lang='lat' dir='ltr'><em>comites</em></span> <span class='ocrx_word' id='word_1_13' title='bbox 429 555 475 599; x_wconf 93' lang='lat' dir='ltr'><strong><em>et</em></strong></span> <span class='ocrx_word' id='word_1_14' title='bbox 517 546 781 616; x_wconf 69' lang='lat' dir='ltr'><strong><em>Gerberqa</em></strong></span> <span class='ocrx_word' id='word_1_15' title='bbox 819 546 1062 598; x_wconf 89' lang='lat' dir='ltr'><strong><em>Heinrici</em></strong></span> <span class='ocrx_word' id='word_1_16' title='bbox 1098 546 1413 598; x_wconf 75' lang='lat' dir='ltr'><strong><em>marchionis</em></strong></span> <span class='ocrx_word' id='word_1_17' title='bbox 1448 563 1584 597; x_wconf 78' lang='lat' dir='ltr'><strong><em>uaeor</em></strong></span> <span class='ocrx_word' id='word_1_18' title='bbox 1597 543 1635 598; x_wconf 88' lang='lat'><strong><em>2.</em></strong></span> 
     </span>
    </p>

    <p class='ocr_par' dir='ltr' id='par_1_3' title="bbox 186 630 2075 1381">
     <span class='ocr_line' id='line_1_4' title="bbox 334 630 2071 685; baseline -0.001 -2"><span class='ocrx_word' id='word_1_19' title='bbox 334 631 555 683; x_wconf 76' lang='lat' dir='ltr'><strong><em>Fratres</em></strong></span> <span class='ocrx_word' id='word_1_20' title='bbox 608 630 933 683; x_wconf 78' lang='lat' dir='ltr'><strong><em>Thietmarus</em></strong></span> <span class='ocrx_word' id='word_1_21' title='bbox 971 633 1151 685; x_wconf 77' lang='lat' dir='ltr'><strong><em>habuit</em></strong></span> <span class='ocrx_word' id='word_1_22' title='bbox 1188 631 1498 683; x_wconf 84' lang='lat' dir='ltr'><strong><em>Heinricum</em></strong></span> <span class='ocrx_word' id='word_1_23' title='bbox 1536 631 1763 682; x_wconf 88' lang='lat' dir='ltr'><strong><em>comitem</em></strong></span> <span class='ocrx_word' id='word_1_24' title='bbox 1801 639 1847 682; x_wconf 90' lang='lat' dir='ltr'><strong><em>et</em></strong></span> <span class='ocrx_word' id='word_1_25' title='bbox 1885 630 1939 681; x_wconf 86' lang='lat' dir='ltr'><em>F</em></span> <span class='ocrx_word' id='word_1_26' title='bbox 1936 630 2071 682; x_wconf 88' lang='lat' dir='ltr'><strong><em>ride-</em></strong></span> 
     </span>
     <span class='ocr_line' id='line_1_5' title="bbox 187 715 2071 786; baseline -0.001 -17"><span class='ocrx_word' id='word_1_27' title='bbox 187 717 354 769; x_wconf 83' lang='lat' dir='ltr'><strong><em>ricum</em></strong></span> <span class='ocrx_word' id='word_1_28' title='bbox 365 715 407 782; x_wconf 87' lang='lat'><strong><em>3,</em></strong></span> <span class='ocrx_word' id='word_1_29' title='bbox 446 735 587 786; x_wconf 79' lang='lat' dir='ltr'><strong><em>quem-</em></strong></span> <span class='ocrx_word' id='word_1_30' title='bbox 623 725 800 786; x_wconf 79' lang='lat' dir='ltr'><strong><em>postea</em></strong></span> <span class='ocrx_word' id='word_1_31' title='bbox 840 716 1162 786; x_wconf 79' lang='lat' dir='ltr'><strong><em>praefectum</em></strong></span> <span class='ocrx_word' id='word_1_32' title='bbox 1201 716 1692 786; x_wconf 71' lang='lat' dir='ltr'><strong><em>Maydeburyensem</em></strong></span> <span class='ocrx_word' id='word_1_33' title='bbox 1719 715 1926 785; x_wconf 82' lang='lat' dir='ltr'><strong><em>factum</em></strong></span> <span class='ocrx_word' id='word_1_34' title='bbox 1968 734 2071 768; x_wconf 90' lang='lat' dir='ltr'><strong><em>esse</em></strong></span> 
     </span>
     <span class='ocr_line' id='line_1_6' title="bbox 187 799 2074 871; baseline 0 -18"><span class='ocrx_word' id='word_1_35' title='bbox 187 802 325 856; x_wconf 86' lang='lat' dir='ltr'><strong>Ann.</strong></span> <span class='ocrx_word' id='word_1_36' title='bbox 375 799 520 853; x_wconf 72' lang='lat' dir='ltr'><strong><em>Samo</em></strong></span> <span class='ocrx_word' id='word_1_37' title='bbox 569 821 616 855; x_wconf 92' lang='lat' dir='ltr'><strong><em>a.</em></strong></span> <span class='ocrx_word' id='word_1_38' title='bbox 656 801 777 856; x_wconf 89' lang='lat'><strong>998.</strong></span> <span class='ocrx_word' id='word_1_39' title='bbox 826 800 1011 870; x_wconf 86' lang='lat' dir='ltr'><strong><em>refert,</em></strong></span> <span class='ocrx_word' id='word_1_40' title='bbox 1066 799 1393 871; x_wconf 70' lang='lat' dir='ltr'><strong><em>Siyifridum</em></strong></span> <span class='ocrx_word' id='word_1_41' title='bbox 1440 800 1669 853; x_wconf 78' lang='lat' dir='ltr'><strong><em>abbatem</em></strong></span> <span class='ocrx_word' id='word_1_42' title='bbox 1720 799 1772 853; x_wconf 79' lang='lat' dir='ltr'><strong><em>S.</em></strong></span> <span class='ocrx_word' id='word_1_43' title='bbox 1813 799 2074 853; x_wconf 63' lang='lat' dir='ltr'><strong><em>«Iohannis</em></strong></span> 
     </span>
     <span class='ocr_line' id='line_1_7' title="bbox 187 885 2070 958; baseline 0 -20"><span class='ocrx_word' id='word_1_44' title='bbox 187 886 688 958; x_wconf 72' lang='lat' dir='ltr'><strong><em>Maydeburqensis4</em></strong></span> <span class='ocrx_word' id='word_1_45' title='bbox 767 887 902 940; x_wconf 91' lang='lat'>1009</span> <span class='ocrx_word' id='word_1_46' title='bbox 928 918 991 924; x_wconf 92' lang='lat'><strong><em>——</em></strong></span> <span class='ocrx_word' id='word_1_47' title='bbox 1023 885 1157 940; x_wconf 89' lang='grc'><strong>1022</strong></span> <span class='ocrx_word' id='word_1_48' title='bbox 1166 926 1183 952; x_wconf 84' lang='lat'><strong><em>,</em></strong></span> <span class='ocrx_word' id='word_1_49' title='bbox 1257 886 1548 954; x_wconf 80' lang='lat' dir='ltr'><strong><em>episcopum</em></strong></span> <span class='ocrx_word' id='word_1_50' title='bbox 1617 885 2070 938; x_wconf 85' lang='lat' dir='ltr'><strong><em>Monasteriensem</em></strong></span> 
     </span>
     <span class='ocr_line' id='line_1_8' title="bbox 191 971 2073 1040; baseline -0.002 -14"><span class='ocrx_word' id='word_1_51' title='bbox 191 972 575 1036; x_wconf 78' lang='lat'>1022—1032,</span> <span class='ocrx_word' id='word_1_52' title='bbox 613 980 659 1023; x_wconf 89' lang='lat' dir='ltr'><strong><em>et</em></strong></span> <span class='ocrx_word' id='word_1_53' title='bbox 690 972 989 1023; x_wconf 85' lang='lat' dir='ltr'><strong><em>Brunonem</em></strong></span> <span class='ocrx_word' id='word_1_54' title='bbox 1026 971 1264 1024; x_wconf 86' lang='lat' dir='ltr'><strong><em>Corbeiae</em></strong></span> <span class='ocrx_word' id='word_1_55' title='bbox 1294 972 1563 1023; x_wconf 82' lang='lat' dir='ltr'><strong><em>educatum</em></strong></span> <span class='ocrx_word' id='word_1_56' title='bbox 1576 971 1614 1040; x_wconf 84' lang='lat'><strong><em>5,</em></strong></span> <span class='ocrx_word' id='word_1_57' title='bbox 1654 971 1883 1024; x_wconf 75' lang='lat' dir='ltr'><strong><em>abbatem</em></strong></span> <span class='ocrx_word' id='word_1_58' title='bbox 1913 971 2073 1023; x_wconf 89' lang='lat' dir='ltr'><strong><em>Nien-</em></strong></span> 
     </span>
     <span class='ocr_line' id='line_1_9' title="bbox 189 1056 2073 1127; baseline 0 -19"><span class='ocrx_word' id='word_1_59' title='bbox 189 1056 483 1127; x_wconf 72' lang='lat' dir='ltr'><strong><em>buryensem</em></strong></span> <span class='ocrx_word' id='word_1_60' title='bbox 507 1056 772 1126; x_wconf 72' lang='lat' dir='ltr'><strong><em>Herdinyi</em></strong></span> <span class='ocrx_word' id='word_1_61' title='bbox 800 1074 1149 1121; x_wconf 78' lang='lat' dir='ltr'><strong><em>successorem,</em></strong></span> <span class='ocrx_word' id='word_1_62' title='bbox 1181 1056 1675 1125; x_wconf 71' lang='lat' dir='ltr'><strong><em>Maydeburyensem</em></strong></span> <span class='ocrx_word' id='word_1_63' title='bbox 1703 1056 2073 1121; x_wconf 80' lang='lat'>1025—1034,</span> 
     </span>
     <span class='ocr_line' id='line_1_10' title="bbox 187 1140 2075 1211; baseline -0.001 -18"><span class='ocrx_word' id='word_1_64' title='bbox 187 1142 481 1211; x_wconf 82' lang='lat' dir='ltr'><strong><em>epi-scopum</em></strong></span> <span class='ocrx_word' id='word_1_65' title='bbox 531 1141 832 1193; x_wconf 86' lang='lat' dir='ltr'><strong><em>Verdensem</em></strong></span> <span class='ocrx_word' id='word_1_66' title='bbox 886 1141 1267 1195; x_wconf 77' lang='lat'>1034—-1049,</span> <span class='ocrx_word' id='word_1_67' title='bbox 1356 1140 1445 1191; x_wconf 87' lang='lat' dir='ltr'><strong><em>Ad</em></strong></span> <span class='ocrx_word' id='word_1_68' title='bbox 1489 1159 1612 1210; x_wconf 81' lang='lat' dir='ltr'><strong><em>quos</em></strong></span> <span class='ocrx_word' id='word_1_69' title='bbox 1660 1142 1857 1193; x_wconf 87' lang='lat' dir='ltr'><strong><em>accedit</em></strong></span> <span class='ocrx_word' id='word_1_70' title='bbox 1913 1140 2075 1193; x_wconf 83' lang='lat' dir='ltr'><strong><em>Willi-</em></strong></span> 
     </span>
     <span class='ocr_line' id='line_1_11' title="bbox 186 1225 2074 1296; baseline 0.001 -19"><span class='ocrx_word' id='word_1_71' title='bbox 186 1227 332 1295; x_wconf 76' lang='lat' dir='ltr'><strong><em>9isus</em></strong></span> <span class='ocrx_word' id='word_1_72' title='bbox 376 1226 664 1277; x_wconf 80' lang='lat' dir='ltr'><strong><em>Tbietmari</em></strong></span> <span class='ocrx_word' id='word_1_73' title='bbox 701 1244 763 1278; x_wconf 81' lang='lat' dir='ltr'><strong><em>eoe</em></strong></span> <span class='ocrx_word' id='word_1_74' title='bbox 808 1234 958 1295; x_wconf 80' lang='lat' dir='ltr'><strong><em>patre</em></strong></span> <span class='ocrx_word' id='word_1_75' title='bbox 997 1225 1199 1295; x_wconf 84' lang='lat' dir='ltr'><strong><em>frater,</em></strong></span> <span class='ocrx_word' id='word_1_76' title='bbox 1251 1244 1395 1294; x_wconf 82' lang='lat' dir='ltr'><strong><em>quem</em></strong></span> <span class='ocrx_word' id='word_1_77' title='bbox 1445 1227 1534 1278; x_wconf 77' lang='lat' dir='ltr'><strong><em>ille</em></strong></span> <span class='ocrx_word' id='word_1_78' title='bbox 1582 1227 1848 1296; x_wconf 77' lang='lat' dir='ltr'><strong><em>episcopus</em></strong></span> <span class='ocrx_word' id='word_1_79' title='bbox 1885 1226 2074 1278; x_wconf 86' lang='lat' dir='ltr'><strong><em>Merse-</em></strong></span> 
     </span>
     <span class='ocr_line' id='line_1_12' title="bbox 186 1310 2073 1381; baseline 0 -19"><span class='ocrx_word' id='word_1_80' title='bbox 186 1310 452 1381; x_wconf 65' lang='lat' dir='ltr'><strong><em>baetv&#39;yensis</em></strong></span> <span class='ocrx_word' id='word_1_81' title='bbox 489 1311 671 1363; x_wconf 80' lang='lat' dir='ltr'><strong><em>electus</em></strong></span> <span class='ocrx_word' id='word_1_82' title='bbox 702 1312 1058 1380; x_wconf 78' lang='lat' dir='ltr'><strong><em>praepositum</em></strong></span> <span class='ocrx_word' id='word_1_83' title='bbox 1098 1310 1490 1362; x_wconf 85' lang='lat' dir='ltr'><strong><em>WaZbeccensem</em></strong></span> <span class='ocrx_word' id='word_1_84' title='bbox 1525 1319 1640 1380; x_wconf 78' lang='lat' dir='ltr'><strong><em>post</em></strong></span> <span class='ocrx_word' id='word_1_85' title='bbox 1677 1330 1726 1363; x_wconf 92' lang='lat' dir='ltr'><strong><em>se</em></strong></span> <span class='ocrx_word' id='word_1_86' title='bbox 1764 1310 2073 1367; x_wconf 71' lang='lat' dir='ltr'><strong><em>constituitfl.</em></strong></span> 
     </span>
    </p>

    <p class='ocr_par' dir='ltr' id='par_1_4' title="bbox 162 1395 2080 3082">
     <span class='ocr_line' id='line_1_13' title="bbox 331 1395 2073 1493; baseline 0.001 -47"><span class='ocrx_word' id='word_1_87' title='bbox 331 1395 643 1447; x_wconf 79' lang='lat' dir='ltr'><strong><em>Liutharius</em></strong></span> <span class='ocrx_word' id='word_1_88' title='bbox 691 1404 896 1465; x_wconf 81' lang='lat' dir='ltr'><strong><em>uterque</em></strong></span> <span class='ocrx_word' id='word_1_89' title='bbox 942 1396 1231 1448; x_wconf 78' lang='lat' dir='ltr'><strong><em>Thietmari</em></strong></span> <span class='ocrx_word' id='word_1_90' title='bbox 1275 1414 1505 1464; x_wconf 78' lang='lat' dir='ltr'><strong><em>proavus</em></strong></span> <span class='ocrx_word' id='word_1_91' title='bbox 1552 1396 1610 1447; x_wconf 87' lang='lat' dir='ltr'><strong><em>in</em></strong></span> <span class='ocrx_word' id='word_1_92' title='bbox 1654 1415 1834 1493; x_wconf 63' lang='lat' dir='ltr'><strong><em>puyna</em></strong></span> <span class='ocrx_word' id='word_1_93' title='bbox 1872 1415 1921 1450; x_wconf 90' lang='lat' dir='ltr'><strong><em>a.</em></strong></span> <span class='ocrx_word' id='word_1_94' title='bbox 1954 1397 2073 1450; x_wconf 93' lang='grc'><strong>929.</strong></span> 
     </span>
     <span class='ocr_line' id='line_1_14' title="bbox 162 1480 2075 1550; baseline 0.001 -18"><span class='ocrx_word' id='word_1_95' title='bbox 162 1522 166 1526; x_wconf 92' lang='grc'><strong>.</strong></span> <span class='ocrx_word' id='word_1_96' title='bbox 185 1499 346 1550; x_wconf 73' lang='lat' dir='ltr'><strong><em>prope</em></strong></span> <span class='ocrx_word' id='word_1_97' title='bbox 377 1480 577 1533; x_wconf 77' lang='lat' dir='ltr'><strong><em>Lenzen</em></strong></span> <span class='ocrx_word' id='word_1_98' title='bbox 615 1482 885 1533; x_wconf 84' lang='lat' dir='ltr'><strong><em>commissa</em></strong></span> <span class='ocrx_word' id='word_1_99' title='bbox 923 1481 1175 1533; x_wconf 79' lang='lat' dir='ltr'><strong><em>interiit7.</em></strong></span> <span class='ocrx_word' id='word_1_100' title='bbox 1251 1480 1560 1533; x_wconf 82' lang='lat' dir='ltr'><strong><em>Liutlzarius</em></strong></span> <span class='ocrx_word' id='word_1_101' title='bbox 1590 1500 1719 1533; x_wconf 87' lang='lat' dir='ltr'><strong><em>avus</em></strong></span> <span class='ocrx_word' id='word_1_102' title='bbox 1756 1482 1866 1533; x_wconf 87' lang='lat' dir='ltr'><strong><em>eius</em></strong></span> <span class='ocrx_word' id='word_1_103' title='bbox 1902 1500 2075 1533; x_wconf 87' lang='lat' dir='ltr'><strong><em>mona-</em></strong></span> 
     </span>
     <span class='ocr_line' id='line_1_15' title="bbox 186 1564 2076 1635; baseline 0 -17"><span class='ocrx_word' id='word_1_104' title='bbox 186 1566 398 1618; x_wconf 83' lang='lat' dir='ltr'><strong><em>sterium</em></strong></span> <span class='ocrx_word' id='word_1_105' title='bbox 442 1566 500 1617; x_wconf 86' lang='lat' dir='ltr'><strong><em>in</em></strong></span> <span class='ocrx_word' id='word_1_106' title='bbox 536 1566 661 1618; x_wconf 85' lang='lat' dir='ltr'><strong><em>urbe</em></strong></span> <span class='ocrx_word' id='word_1_107' title='bbox 698 1585 794 1618; x_wconf 89' lang='lat' dir='ltr'><strong><em>sua</em></strong></span> <span class='ocrx_word' id='word_1_108' title='bbox 846 1565 1084 1618; x_wconf 78' lang='lat' dir='ltr'><strong><em>Walbeck</em></strong></span> <span class='ocrx_word' id='word_1_109' title='bbox 1117 1564 1413 1635; x_wconf 81' lang='lat' dir='ltr'><strong><em>fundavit8</em></strong></span> <span class='ocrx_word' id='word_1_110' title='bbox 1457 1575 1504 1618; x_wconf 92' lang='lat' dir='ltr'><strong><em>et</em></strong></span> <span class='ocrx_word' id='word_1_111' title='bbox 1539 1567 1746 1618; x_wconf 83' lang='lat' dir='ltr'><strong><em>testibus</em></strong></span> <span class='ocrx_word' id='word_1_112' title='bbox 1785 1565 2076 1619; x_wconf 74' lang='lat' dir='ltr'><strong><em>Annalibus</em></strong></span> 
     </span>
     <span class='ocr_line' id='line_1_16' title="bbox 187 1650 2077 1720; baseline 0.001 -17"><span class='ocrx_word' id='word_1_113' title='bbox 187 1651 374 1704; x_wconf 84' lang='lat' dir='ltr'><strong><em>necrol.</em></strong></span> <span class='ocrx_word' id='word_1_114' title='bbox 427 1651 581 1703; x_wconf 85' lang='lat' dir='ltr'><strong>FuZd.</strong></span> <span class='ocrx_word' id='word_1_115' title='bbox 640 1650 764 1720; x_wconf 77' lang='lat' dir='ltr'><strong>(SS.</strong></span> <span class='ocrx_word' id='word_1_116' title='bbox 802 1651 953 1702; x_wconf 87' lang='lat' dir='ltr'><em>XIII</em></span> <span class='ocrx_word' id='word_1_117' title='bbox 938 1651 970 1719; x_wconf 86' lang='lat'>)</span> <span class='ocrx_word' id='word_1_118' title='bbox 1023 1670 1072 1704; x_wconf 92' lang='lat' dir='ltr'><strong><em>a.</em></strong></span> <span class='ocrx_word' id='word_1_119' title='bbox 1107 1651 1228 1703; x_wconf 85' lang='lat'><strong>964.</strong></span> <span class='ocrx_word' id='word_1_120' title='bbox 1282 1660 1509 1704; x_wconf 83' lang='lat' dir='ltr'><strong><em>mortuus</em></strong></span> <span class='ocrx_word' id='word_1_121' title='bbox 1560 1661 1644 1704; x_wconf 91' lang='lat' dir='ltr'><strong><em>est.</em></strong></span> <span class='ocrx_word' id='word_1_122' title='bbox 1727 1652 1885 1704; x_wconf 85' lang='lat' dir='ltr'><strong><em>Cuius</em></strong></span> <span class='ocrx_word' id='word_1_123' title='bbox 1921 1652 2077 1720; x_wconf 81' lang='lat' dir='ltr'><strong><em>filius</em></strong></span> 
     </span>
     <span class='ocr_line' id='line_1_17' title="bbox 189 1734 2078 1806; baseline 0.001 -19"><span class='ocrx_word' id='word_1_124' title='bbox 189 1734 490 1806; x_wconf 70' lang='lat' dir='ltr'><strong><em>Siyifridus</em></strong></span> <span class='ocrx_word' id='word_1_125' title='bbox 533 1755 582 1787; x_wconf 91' lang='lat' dir='ltr'><strong><em>a.</em></strong></span> <span class='ocrx_word' id='word_1_126' title='bbox 617 1737 736 1790; x_wconf 90' lang='grc'><strong>972.</strong></span> <span class='ocrx_word' id='word_1_127' title='bbox 784 1736 975 1789; x_wconf 81' lang='lat' dir='ltr'><strong><em>caelebs</em></strong></span> <span class='ocrx_word' id='word_1_128' title='bbox 1019 1755 1130 1788; x_wconf 81' lang='lat' dir='ltr'><strong><em>cum</em></strong></span> <span class='ocrx_word' id='word_1_129' title='bbox 1170 1736 1384 1788; x_wconf 84' lang='lat' dir='ltr'><strong><em>Hodone</em></strong></span> <span class='ocrx_word' id='word_1_130' title='bbox 1428 1737 1722 1788; x_wconf 74' lang='lat' dir='ltr'><strong><em>marchione</em></strong></span> <span class='ocrx_word' id='word_1_131' title='bbox 1766 1745 1943 1788; x_wconf 87' lang='lat' dir='ltr'><strong><em>contra</em></strong></span> <span class='ocrx_word' id='word_1_132' title='bbox 1983 1737 2078 1788; x_wconf 94' lang='lat' dir='ltr'><strong><em>Po-</em></strong></span> 
     </span>
     <span class='ocr_line' id='line_1_18' title="bbox 188 1820 2076 1891; baseline 0.001 -18"><span class='ocrx_word' id='word_1_133' title='bbox 188 1822 330 1874; x_wconf 82' lang='lat' dir='ltr'><strong><em>Zonos</em></strong></span> <span class='ocrx_word' id='word_1_134' title='bbox 357 1821 619 1891; x_wconf 83' lang='lat' dir='ltr'><strong><em>profectus</em></strong></span> <span class='ocrx_word' id='word_1_135' title='bbox 643 1822 789 1873; x_wconf 85' lang='lat' dir='ltr'><strong><em>cladi</em></strong></span> <span class='ocrx_word' id='word_1_136' title='bbox 813 1822 1125 1874; x_wconf 75' lang='lat' dir='ltr'><strong><em>Zebdenensi</em></strong></span> <span class='ocrx_word' id='word_1_137' title='bbox 1154 1821 1397 1890; x_wconf 71' lang='lat' dir='ltr'><strong><em>inteofuit</em></strong></span> <span class='ocrx_word' id='word_1_138' title='bbox 1411 1820 1448 1872; x_wconf 88' lang='lat'><strong><em>9.</em></strong></span> <span class='ocrx_word' id='word_1_139' title='bbox 1526 1821 1591 1874; x_wconf 89' lang='lat' dir='ltr'><strong><em>A.</em></strong></span> <span class='ocrx_word' id='word_1_140' title='bbox 1617 1821 1738 1876; x_wconf 85' lang='lat'><strong>979.</strong></span> <span class='ocrx_word' id='word_1_141' title='bbox 1765 1841 1875 1873; x_wconf 83' lang='lat' dir='ltr'><strong><em>cum</em></strong></span> <span class='ocrx_word' id='word_1_142' title='bbox 1895 1821 2076 1891; x_wconf 86' lang='lat' dir='ltr'><strong><em>fratre</em></strong></span> 
     </span>
     <span class='ocr_line' id='line_1_19' title="bbox 188 1905 2078 1976; baseline -0.001 -18"><span class='ocrx_word' id='word_1_143' title='bbox 188 1907 470 1960; x_wconf 79' lang='lat' dir='ltr'><strong><em>Liutkario</em></strong></span> <span class='ocrx_word' id='word_1_144' title='bbox 525 1906 777 1959; x_wconf 80' lang='lat' dir='ltr'><strong><em>Geronem</em></strong></span> <span class='ocrx_word' id='word_1_145' title='bbox 831 1907 1061 1958; x_wconf 86' lang='lat' dir='ltr'><strong><em>com-item</em></strong></span> <span class='ocrx_word' id='word_1_146' title='bbox 1115 1915 1319 1975; x_wconf 82' lang='lat' dir='ltr'><strong><em>captum</em></strong></span> <span class='ocrx_word' id='word_1_147' title='bbox 1370 1906 1758 1958; x_wconf 84' lang='lat' dir='ltr'><strong><em>custodiendum</em></strong></span> <span class='ocrx_word' id='word_1_148' title='bbox 1806 1907 2001 1976; x_wconf 83' lang='lat' dir='ltr'><strong><em>accepit</em></strong></span> <span class='ocrx_word' id='word_1_149' title='bbox 2016 1905 2078 1962; x_wconf 88' lang='lat'><strong><em>¹⁰.</em></strong></span> 
     </span>
     <span class='ocr_line' id='line_1_20' title="bbox 189 1989 2076 2061; baseline -0.001 -18"><span class='ocrx_word' id='word_1_150' title='bbox 189 1992 253 2044; x_wconf 88' lang='lat' dir='ltr'><strong><em>A.</em></strong></span> <span class='ocrx_word' id='word_1_151' title='bbox 280 1990 400 2046; x_wconf 86' lang='lat'><strong>983.</strong></span> <span class='ocrx_word' id='word_1_152' title='bbox 432 1999 608 2042; x_wconf 86' lang='lat' dir='ltr'><strong><em>contra</em></strong></span> <span class='ocrx_word' id='word_1_153' title='bbox 644 1989 827 2044; x_wconf 79' lang='lat' dir='ltr'><strong><em>Slavos</em></strong></span> <span class='ocrx_word' id='word_1_154' title='bbox 854 1991 1189 2061; x_wconf 68' lang='lat' dir='ltr'><strong><em>puqnavitll,</em></strong></span> <span class='ocrx_word' id='word_1_155' title='bbox 1228 2011 1276 2046; x_wconf 92' lang='lat' dir='ltr'><strong><em>a.</em></strong></span> <span class='ocrx_word' id='word_1_156' title='bbox 1301 1992 1422 2046; x_wconf 88' lang='lat'><strong>984.</strong></span> <span class='ocrx_word' id='word_1_157' title='bbox 1456 1992 1589 2043; x_wconf 85' lang='lat' dir='ltr'><strong><em>inter</em></strong></span> <span class='ocrx_word' id='word_1_158' title='bbox 1619 2000 1888 2043; x_wconf 85' lang='lat' dir='ltr'><strong><em>sectatores</em></strong></span> <span class='ocrx_word' id='word_1_159' title='bbox 1918 1990 2076 2043; x_wconf 88' lang='lat' dir='ltr'><strong><em>Hein-</em></strong></span> 
     </span>
     <span class='ocr_line' id='line_1_21' title="bbox 187 2075 2076 2146; baseline 0.001 -19"><span class='ocrx_word' id='word_1_160' title='bbox 187 2077 290 2128; x_wconf 88' lang='lat' dir='ltr'><strong><em>rici</em></strong></span> <span class='ocrx_word' id='word_1_161' title='bbox 313 2076 462 2128; x_wconf 88' lang='lat' dir='ltr'><strong><em>ducis</em></strong></span> <span class='ocrx_word' id='word_1_162' title='bbox 474 2075 672 2146; x_wconf 76' lang='lat' dir='ltr'><strong><em>fuit12,</em></strong></span> <span class='ocrx_word' id='word_1_163' title='bbox 696 2096 745 2127; x_wconf 91' lang='lat' dir='ltr'><strong><em>a.</em></strong></span> <span class='ocrx_word' id='word_1_164' title='bbox 771 2075 891 2130; x_wconf 91' lang='lat'><strong><em>990.</em></strong></span> <span class='ocrx_word' id='word_1_165' title='bbox 918 2077 1237 2146; x_wconf 73' lang='lat' dir='ltr'><strong><em>eoepeditioni</em></strong></span> <span class='ocrx_word' id='word_1_166' title='bbox 1260 2085 1439 2128; x_wconf 87' lang='lat' dir='ltr'><strong><em>contra</em></strong></span> <span class='ocrx_word' id='word_1_167' title='bbox 1464 2077 1713 2128; x_wconf 79' lang='lat' dir='ltr'><strong><em>Bohemos</em></strong></span> <span class='ocrx_word' id='word_1_168' title='bbox 1735 2084 1994 2145; x_wconf 80' lang='lat' dir='ltr'><strong><em>susceptae</em></strong></span> <span class='ocrx_word' id='word_1_169' title='bbox 2010 2075 2076 2146; x_wconf 88' lang='lat'><strong><em>¹3,</em></strong></span> 
     </span>
     <span class='ocr_line' id='line_1_22' title="bbox 187 2160 2076 2231; baseline -0.001 -18"><span class='ocrx_word' id='word_1_170' title='bbox 187 2181 236 2214; x_wconf 93' lang='lat' dir='ltr'><strong><em>a.</em></strong></span> <span class='ocrx_word' id='word_1_171' title='bbox 262 2160 384 2215; x_wconf 90' lang='lat'><strong>991.</strong></span> <span class='ocrx_word' id='word_1_172' title='bbox 421 2161 486 2226; x_wconf 89' lang='lat' dir='ltr'><strong><em>ei,</em></strong></span> <span class='ocrx_word' id='word_1_173' title='bbox 524 2180 652 2229; x_wconf 83' lang='lat' dir='ltr'><strong><em>quae</em></strong></span> <span class='ocrx_word' id='word_1_174' title='bbox 691 2169 869 2213; x_wconf 90' lang='lat' dir='ltr'><strong><em>contra</em></strong></span> <span class='ocrx_word' id='word_1_175' title='bbox 903 2160 1157 2213; x_wconf 84' lang='lat' dir='ltr'><strong><em>Liuticios</em></strong></span> <span class='ocrx_word' id='word_1_176' title='bbox 1194 2161 1267 2212; x_wconf 87' lang='lat' dir='ltr'><strong><em>ad</em></strong></span> <span class='ocrx_word' id='word_1_177' title='bbox 1303 2161 1477 2213; x_wconf 89' lang='lat' dir='ltr'><strong><em>urbem</em></strong></span> <span class='ocrx_word' id='word_1_178' title='bbox 1508 2161 1892 2231; x_wconf 82' lang='lat' dir='ltr'><strong><em>Brandenbur9</em></strong></span> <span class='ocrx_word' id='word_1_179' title='bbox 1918 2161 2076 2230; x_wconf 86' lang='lat' dir='ltr'><strong><em>facta</em></strong></span> 
     </span>
     <span class='ocr_line' id='line_1_23' title="bbox 186 2245 2077 2316; baseline 0 -17"><span class='ocrx_word' id='word_1_180' title='bbox 186 2256 273 2312; x_wconf 84' lang='lat' dir='ltr'><strong><em>est,</em></strong></span> <span class='ocrx_word' id='word_1_181' title='bbox 311 2246 568 2316; x_wconf 79' lang='lat' dir='ltr'><strong><em>interfuit.</em></strong></span> <span class='ocrx_word' id='word_1_182' title='bbox 652 2245 769 2306; x_wconf 81' lang='lat' dir='ltr'><strong><em>Qua</em></strong></span> <span class='ocrx_word' id='word_1_183' title='bbox 807 2247 864 2298; x_wconf 87' lang='lat' dir='ltr'><strong><em>in</em></strong></span> <span class='ocrx_word' id='word_1_184' title='bbox 894 2266 949 2299; x_wconf 91' lang='lat' dir='ltr'><strong><em>re</em></strong></span> <span class='ocrx_word' id='word_1_185' title='bbox 981 2266 1092 2298; x_wconf 88' lang='lat' dir='ltr'><strong><em>cum</em></strong></span> <span class='ocrx_word' id='word_1_186' title='bbox 1131 2247 1193 2299; x_wconf 88' lang='lat' dir='ltr'><strong><em>ab</em></strong></span> <span class='ocrx_word' id='word_1_187' title='bbox 1225 2265 1350 2316; x_wconf 76' lang='lat' dir='ltr'><strong><em>equo</em></strong></span> <span class='ocrx_word' id='word_1_188' title='bbox 1382 2247 1655 2311; x_wconf 77' lang='lat' dir='ltr'><strong><em>cecidisset,</em></strong></span> <span class='ocrx_word' id='word_1_189' title='bbox 1695 2247 1907 2315; x_wconf 85' lang='lat' dir='ltr'><strong><em>infirma</em></strong></span> <span class='ocrx_word' id='word_1_190' title='bbox 1943 2247 2077 2299; x_wconf 82' lang='lat' dir='ltr'><strong><em>vale-</em></strong></span> 
     </span>
     <span class='ocr_line' id='line_1_24' title="bbox 186 2331 2078 2402; baseline 0.001 -19"><span class='ocrx_word' id='word_1_191' title='bbox 186 2332 366 2383; x_wconf 81' lang='lat' dir='ltr'><strong><em>tudine</em></strong></span> <span class='ocrx_word' id='word_1_192' title='bbox 405 2331 644 2383; x_wconf 83' lang='lat' dir='ltr'><strong><em>Zaborare</em></strong></span> <span class='ocrx_word' id='word_1_193' title='bbox 675 2331 853 2400; x_wconf 75' lang='lat' dir='ltr'><strong><em>coepit,</em></strong></span> <span class='ocrx_word' id='word_1_194' title='bbox 891 2340 948 2383; x_wconf 91' lang='lat' dir='ltr'><strong><em>ut</em></strong></span> <span class='ocrx_word' id='word_1_195' title='bbox 978 2351 1133 2384; x_wconf 84' lang='lat' dir='ltr'><strong><em>arma</em></strong></span> <span class='ocrx_word' id='word_1_196' title='bbox 1158 2332 1311 2402; x_wconf 83' lang='lat' dir='ltr'><strong><em>ferre</em></strong></span> <span class='ocrx_word' id='word_1_197' title='bbox 1341 2351 1443 2384; x_wconf 87' lang='lat' dir='ltr'><strong><em>non</em></strong></span> <span class='ocrx_word' id='word_1_198' title='bbox 1480 2333 1588 2383; x_wconf 88' lang='lat' dir='ltr'><strong><em>iam</em></strong></span> <span class='ocrx_word' id='word_1_199' title='bbox 1624 2340 1789 2401; x_wconf 80' lang='lat' dir='ltr'><strong><em>posset</em></strong></span> <span class='ocrx_word' id='word_1_200' title='bbox 1809 2331 1870 2384; x_wconf 84' lang='lat'><strong><em>¹4.</em></strong></span> <span class='ocrx_word' id='word_1_201' title='bbox 1935 2333 2078 2384; x_wconf 88' lang='lat' dir='ltr'><strong><em>Mor-</em></strong></span> 
     </span>
     <span class='ocr_line' id='line_1_25' title="bbox 187 2416 2078 2486; baseline 0 -18"><span class='ocrx_word' id='word_1_202' title='bbox 187 2426 305 2468; x_wconf 81' lang='lat' dir='ltr'><strong><em>tuus</em></strong></span> <span class='ocrx_word' id='word_1_203' title='bbox 343 2425 415 2468; x_wconf 88' lang='lat' dir='ltr'><strong><em>est</em></strong></span> <span class='ocrx_word' id='word_1_204' title='bbox 450 2417 509 2468; x_wconf 88' lang='lat' dir='ltr'><strong><em>in</em></strong></span> <span class='ocrx_word' id='word_1_205' title='bbox 547 2417 752 2468; x_wconf 88' lang='lat' dir='ltr'><strong><em>civitate</em></strong></span> <span class='ocrx_word' id='word_1_206' title='bbox 802 2417 1042 2469; x_wconf 77' lang='lat' dir='ltr'><strong><em>Walbeck</em></strong></span> <span class='ocrx_word' id='word_1_207' title='bbox 1081 2437 1130 2469; x_wconf 91' lang='lat' dir='ltr'><strong><em>a.</em></strong></span> <span class='ocrx_word' id='word_1_208' title='bbox 1165 2419 1283 2472; x_wconf 89' lang='grc'><strong>992.</strong></span> <span class='ocrx_word' id='word_1_209' title='bbox 1329 2418 1487 2471; x_wconf 78' lang='lat' dir='ltr'><strong>Mart.</strong></span> <span class='ocrx_word' id='word_1_210' title='bbox 1530 2416 1674 2470; x_wconf 79' lang='lat'><strong>151⁵.</strong></span> <span class='ocrx_word' id='word_1_211' title='bbox 1752 2417 1868 2486; x_wconf 78' lang='lat' dir='ltr'><strong><em>Ipse</em></strong></span> <span class='ocrx_word' id='word_1_212' title='bbox 1914 2417 2078 2469; x_wconf 81' lang='lat' dir='ltr'><strong><em>Thiet-</em></strong></span> 
     </span>
     <span class='ocr_line' id='line_1_26' title="bbox 186 2501 2078 2572; baseline 0 -18"><span class='ocrx_word' id='word_1_213' title='bbox 186 2521 367 2554; x_wconf 89' lang='lat' dir='ltr'><strong><em>marus</em></strong></span> <span class='ocrx_word' id='word_1_214' title='bbox 389 2510 542 2554; x_wconf 85' lang='lat' dir='ltr'><strong><em>natus</em></strong></span> <span class='ocrx_word' id='word_1_215' title='bbox 573 2520 622 2555; x_wconf 91' lang='lat' dir='ltr'><strong><em>a.</em></strong></span> <span class='ocrx_word' id='word_1_216' title='bbox 649 2502 768 2556; x_wconf 83' lang='lat'><strong>975.</strong></span> <span class='ocrx_word' id='word_1_217' title='bbox 795 2501 904 2556; x_wconf 75' lang='lat' dir='ltr'><strong>Jul.</strong></span> <span class='ocrx_word' id='word_1_218' title='bbox 931 2503 1012 2557; x_wconf 76' lang='grc'><strong>25.</strong></span> <span class='ocrx_word' id='word_1_219' title='bbox 1035 2502 1083 2538; x_wconf 69' lang='grc'><strong>16</strong></span> <span class='ocrx_word' id='word_1_220' title='bbox 1113 2511 1261 2572; x_wconf 82' lang='lat' dir='ltr'><strong><em>atque</em></strong></span> <span class='ocrx_word' id='word_1_221' title='bbox 1289 2503 1482 2572; x_wconf 83' lang='lat' dir='ltr'><strong><em>primis</em></strong></span> <span class='ocrx_word' id='word_1_222' title='bbox 1507 2502 1798 2553; x_wconf 84' lang='lat' dir='ltr'><strong><em>litterarum</em></strong></span> <span class='ocrx_word' id='word_1_223' title='bbox 1823 2501 2078 2554; x_wconf 81' lang='lat' dir='ltr'><strong><em>elementis</em></strong></span> 
     </span>
     <span class='ocr_line' id='line_1_27' title="bbox 187 2585 2078 2658; baseline -0.001 -19"><span class='ocrx_word' id='word_1_224' title='bbox 187 2588 245 2639; x_wconf 88' lang='lat' dir='ltr'><strong><em>in</em></strong></span> <span class='ocrx_word' id='word_1_225' title='bbox 293 2587 412 2639; x_wconf 85' lang='lat' dir='ltr'><strong><em>urbe</em></strong></span> <span class='ocrx_word' id='word_1_226' title='bbox 467 2586 824 2658; x_wconf 69' lang='lat' dir='ltr'><strong><em>Quedlinbury</em></strong></span> <span class='ocrx_word' id='word_1_227' title='bbox 878 2588 941 2639; x_wconf 92' lang='lat' dir='ltr'><strong><em>ab</em></strong></span> <span class='ocrx_word' id='word_1_228' title='bbox 993 2588 1252 2640; x_wconf 80' lang='lat' dir='ltr'><strong><em>Emnilda</em></strong></span> <span class='ocrx_word' id='word_1_229' title='bbox 1297 2589 1475 2657; x_wconf 78' lang='lat' dir='ltr'><strong><em>patris</em></strong></span> <span class='ocrx_word' id='word_1_230' title='bbox 1529 2595 1806 2638; x_wconf 86' lang='lat' dir='ltr'><strong><em>matertera</em></strong></span> <span class='ocrx_word' id='word_1_231' title='bbox 1858 2585 2078 2638; x_wconf 83' lang='lat' dir='ltr'><strong><em>imbutus</em></strong></span> 
     </span>
     <span class='ocr_line' id='line_1_28' title="bbox 187 2672 2079 2742; baseline 0 -18"><span class='ocrx_word' id='word_1_232' title='bbox 187 2693 234 2725; x_wconf 89' lang='lat' dir='ltr'><strong><em>a.</em></strong></span> <span class='ocrx_word' id='word_1_233' title='bbox 262 2674 382 2727; x_wconf 89' lang='lat'><strong>988.</strong></span> <span class='ocrx_word' id='word_1_234' title='bbox 414 2672 658 2742; x_wconf 67' lang='lat' dir='ltr'><strong><em>Ricdayo</em></strong></span> <span class='ocrx_word' id='word_1_235' title='bbox 696 2673 874 2725; x_wconf 91' lang='lat' dir='ltr'><strong><em>abbati</em></strong></span> <span class='ocrx_word' id='word_1_236' title='bbox 907 2673 961 2724; x_wconf 82' lang='lat' dir='ltr'><strong><em>S.</em></strong></span> <span class='ocrx_word' id='word_1_237' title='bbox 986 2673 1247 2725; x_wconf 76' lang='lat' dir='ltr'><strong><em>Johannis</em></strong></span> <span class='ocrx_word' id='word_1_238' title='bbox 1280 2672 1745 2742; x_wconf 72' lang='lat' dir='ltr'><strong><em>Maydeburyensis</em></strong></span> <span class='ocrx_word' id='word_1_239' title='bbox 1783 2672 2079 2724; x_wconf 86' lang='lat' dir='ltr'><strong><em>educandus</em></strong></span> 
     </span>
     <span class='ocr_line' id='line_1_29' title="bbox 187 2756 2075 2814; baseline 0.001 -7"><span class='ocrx_word' id='word_1_240' title='bbox 187 2756 414 2808; x_wconf 87' lang='lat' dir='ltr'><strong><em>traditus</em></strong></span> <span class='ocrx_word' id='word_1_241' title='bbox 472 2765 556 2810; x_wconf 86' lang='lat' dir='ltr'><strong><em>est.</em></strong></span> <span class='ocrx_word' id='word_1_242' title='bbox 631 2758 758 2810; x_wconf 86' lang='lat' dir='ltr'><strong><em>Inde</em></strong></span> <span class='ocrx_word' id='word_1_243' title='bbox 812 2777 863 2811; x_wconf 92' lang='lat' dir='ltr'><strong><em>a.</em></strong></span> <span class='ocrx_word' id='word_1_244' title='bbox 911 2759 1032 2814; x_wconf 91' lang='lat'><strong>991.</strong></span> <span class='ocrx_word' id='word_1_245' title='bbox 1085 2759 1219 2810; x_wconf 84' lang='lat' dir='ltr'><strong><em>inter</em></strong></span> <span class='ocrx_word' id='word_1_246' title='bbox 1271 2759 1543 2810; x_wconf 87' lang='lat' dir='ltr'><strong><em>canonicos</em></strong></span> <span class='ocrx_word' id='word_1_247' title='bbox 1596 2756 1648 2809; x_wconf 76' lang='lat' dir='ltr'><strong><em>S.</em></strong></span> <span class='ocrx_word' id='word_1_248' title='bbox 1690 2757 1950 2808; x_wconf 87' lang='lat' dir='ltr'><strong><em>Mauricii</em></strong></span> <span class='ocrx_word' id='word_1_249' title='bbox 1999 2776 2075 2809; x_wconf 88' lang='lat' dir='ltr'><strong><em>re-</em></strong></span> 
     </span>
     <span class='ocr_line' id='line_1_30' title="bbox 189 2841 2076 2913; baseline 0.001 -20"><span class='ocrx_word' id='word_1_250' title='bbox 189 2841 422 2911; x_wconf 83' lang='lat' dir='ltr'><strong><em>ceptusl⁷</em></strong></span> <span class='ocrx_word' id='word_1_251' title='bbox 459 2861 508 2894; x_wconf 91' lang='lat' dir='ltr'><strong><em>a.</em></strong></span> <span class='ocrx_word' id='word_1_252' title='bbox 546 2843 700 2897; x_wconf 82' lang='lat'><strong>1002.</strong></span> <span class='ocrx_word' id='word_1_253' title='bbox 739 2844 1069 2913; x_wconf 76' lang='lat' dir='ltr'><strong><em>praepositus</em></strong></span> <span class='ocrx_word' id='word_1_254' title='bbox 1119 2842 1575 2907; x_wconf 67' lang='lat' dir='ltr'><strong><em>Walbeccensisffi,</em></strong></span> <span class='ocrx_word' id='word_1_255' title='bbox 1626 2862 1676 2895; x_wconf 93' lang='lat' dir='ltr'><strong><em>a.</em></strong></span> <span class='ocrx_word' id='word_1_256' title='bbox 1717 2850 1880 2894; x_wconf 81' lang='lat' dir='ltr'><strong><em>autem</em></strong></span> <span class='ocrx_word' id='word_1_257' title='bbox 1925 2843 2076 2896; x_wconf 89' lang='lat'><strong><em>1009.</em></strong></span> 
     </span>
     <span class='ocr_line' id='line_1_31' title="bbox 187 2928 2080 2999; baseline -0.001 -19"><span class='ocrx_word' id='word_1_258' title='bbox 187 2928 454 2997; x_wconf 77' lang='lat' dir='ltr'><strong><em>episcopus</em></strong></span> <span class='ocrx_word' id='word_1_259' title='bbox 491 2929 933 2999; x_wconf 71' lang='lat' dir='ltr'><strong><em>Merseburyensis</em></strong></span> <span class='ocrx_word' id='word_1_260' title='bbox 960 2929 1146 2999; x_wconf 89' lang='lat' dir='ltr'><strong><em>factus</em></strong></span> <span class='ocrx_word' id='word_1_261' title='bbox 1191 2937 1277 2994; x_wconf 80' lang='lat' dir='ltr'><strong><em>est,</em></strong></span> <span class='ocrx_word' id='word_1_262' title='bbox 1325 2948 1422 2998; x_wconf 79' lang='lat' dir='ltr'><strong><em>quo</em></strong></span> <span class='ocrx_word' id='word_1_263' title='bbox 1459 2947 1665 2980; x_wconf 88' lang='lat' dir='ltr'><strong><em>munere</em></strong></span> <span class='ocrx_word' id='word_1_264' title='bbox 1705 2947 1878 2980; x_wconf 86' lang='lat' dir='ltr'><strong><em>novem</em></strong></span> <span class='ocrx_word' id='word_1_265' title='bbox 1917 2947 2080 2980; x_wconf 87' lang='lat' dir='ltr'><strong><em>annos</em></strong></span> 
     </span>
     <span class='ocr_line' id='line_1_32' title="bbox 177 3011 1492 3082; baseline 0.002 -19"><span class='ocrx_word' id='word_1_266' title='bbox 177 3011 397 3082; x_wconf 85' lang='lat' dir='ltr'><strong><em>functus</em></strong></span> <span class='ocrx_word' id='word_1_267' title='bbox 434 3032 484 3068; x_wconf 91' lang='lat' dir='ltr'><strong><em>a.</em></strong></span> <span class='ocrx_word' id='word_1_268' title='bbox 521 3014 672 3068; x_wconf 87' lang='lat'><strong>1018.</strong></span> <span class='ocrx_word' id='word_1_269' title='bbox 711 3014 834 3066; x_wconf 90' lang='lat' dir='ltr'><strong>Dec.</strong></span> <span class='ocrx_word' id='word_1_270' title='bbox 866 3018 912 3068; x_wconf 94' lang='lat'><strong><em>1.</em></strong></span> <span class='ocrx_word' id='word_1_271' title='bbox 954 3034 1017 3067; x_wconf 74' lang='lat' dir='ltr'><strong><em>esc</em></strong></span> <span class='ocrx_word' id='word_1_272' title='bbox 1055 3016 1162 3066; x_wconf 87' lang='lat' dir='ltr'><strong><em>vita</em></strong></span> <span class='ocrx_word' id='word_1_273' title='bbox 1200 3015 1412 3067; x_wconf 81' lang='lat' dir='ltr'><strong><em>decessit</em></strong></span> <span class='ocrx_word' id='word_1_274' title='bbox 1430 3013 1492 3066; x_wconf 84' lang='lat'><strong><em>¹9.</em></strong></span> 
     </span>
    </p>
   </div>
   <div class='ocr_carea' id='block_1_3' title="bbox 188 3167 2080 3726">
    <p class='ocr_par' dir='ltr' id='par_1_5' title="bbox 188 3167 2080 3726">
     <span class='ocr_line' id='line_1_33' title="bbox 192 3167 2078 3226; baseline 0.002 -15"><span class='ocrx_word' id='word_1_275' title='bbox 192 3167 233 3220; x_wconf 92' lang='lat'>1)</span> <span class='ocrx_word' id='word_1_276' title='bbox 276 3170 327 3222; x_wconf 88' lang='lat' dir='ltr'><strong><em>V,</em></strong></span> <span class='ocrx_word' id='word_1_277' title='bbox 359 3171 431 3214; x_wconf 81' lang='lat'><strong><em>24.</em></strong></span> <span class='ocrx_word' id='word_1_278' title='bbox 547 3170 595 3224; x_wconf 81' lang='grc'><strong>2)</strong></span> <span class='ocrx_word' id='word_1_279' title='bbox 637 3171 687 3225; x_wconf 92' lang='lat' dir='ltr'><strong><em>V,</em></strong></span> <span class='ocrx_word' id='word_1_280' title='bbox 726 3171 795 3215; x_wconf 86' lang='lat'><strong><em>35.</em></strong></span> <span class='ocrx_word' id='word_1_281' title='bbox 913 3170 957 3225; x_wconf 89' lang='lat'><strong><em>3)</em></strong></span> <span class='ocrx_word' id='word_1_282' title='bbox 989 3171 1081 3226; x_wconf 90' lang='lat' dir='ltr'><strong><em>IV,</em></strong></span> <span class='ocrx_word' id='word_1_283' title='bbox 1111 3172 1194 3216; x_wconf 91' lang='lat'>41:</span> <span class='ocrx_word' id='word_1_284' title='bbox 1242 3185 1340 3215; x_wconf 90' lang='lat' dir='ltr'><strong><em>cum</em></strong></span> <span class='ocrx_word' id='word_1_285' title='bbox 1378 3170 1671 3216; x_wconf 84' lang='lat' dir='ltr'><strong><em>confratribus</em></strong></span> <span class='ocrx_word' id='word_1_286' title='bbox 1709 3172 1819 3215; x_wconf 83' lang='lat' dir='ltr'><strong><em>meis</em></strong></span> <span class='ocrx_word' id='word_1_287' title='bbox 1855 3170 2078 3222; x_wconf 81' lang='lat' dir='ltr'><strong><em>Heinrico,</em></strong></span> 
     </span>
     <span class='ocr_line' id='line_1_34' title="bbox 191 3238 2078 3299; baseline 0.002 -18"><span class='ocrx_word' id='word_1_288' title='bbox 191 3238 455 3284; x_wconf 80' lang='lat' dir='ltr'><strong><em>Fritherico.</em></strong></span> <span class='ocrx_word' id='word_1_289' title='bbox 593 3241 639 3294; x_wconf 90' lang='lat'><strong><em>4)</em></strong></span> <span class='ocrx_word' id='word_1_290' title='bbox 678 3242 790 3295; x_wconf 85' lang='lat' dir='ltr'><strong><em>VII,</em></strong></span> <span class='ocrx_word' id='word_1_291' title='bbox 832 3242 879 3284; x_wconf 92' lang='grc'><strong><em>1.·</em></strong></span> <span class='ocrx_word' id='word_1_292' title='bbox 926 3241 1067 3286; x_wconf 78' lang='lat' dir='ltr'><strong><em>fratre</em></strong></span> <span class='ocrx_word' id='word_1_293' title='bbox 1106 3255 1202 3285; x_wconf 89' lang='lat' dir='ltr'><strong><em>meo</em></strong></span> <span class='ocrx_word' id='word_1_294' title='bbox 1241 3242 1405 3286; x_wconf 75' lang='lat' dir='ltr'><strong><em>abbate</em></strong></span> <span class='ocrx_word' id='word_1_295' title='bbox 1444 3242 1669 3299; x_wconf 84' lang='lat' dir='ltr'><strong>Sigifrido.</strong></span> <span class='ocrx_word' id='word_1_296' title='bbox 1806 3243 1850 3294; x_wconf 84' lang='lat'><strong><em>5)</em></strong></span> <span class='ocrx_word' id='word_1_297' title='bbox 1883 3243 1978 3296; x_wconf 90' lang='lat' dir='ltr'><strong><em>IV,</em></strong></span> <span class='ocrx_word' id='word_1_298' title='bbox 2009 3243 2078 3285; x_wconf 89' lang='lat'><strong><em>70.</em></strong></span> 
     </span>
     <span class='ocr_line' id='line_1_35' title="bbox 190 3309 2077 3367; baseline 0.001 -14"><span class='ocrx_word' id='word_1_299' title='bbox 190 3309 233 3362; x_wconf 87' lang='grc'><strong><em>6)</em></strong></span> <span class='ocrx_word' id='word_1_300' title='bbox 250 3309 328 3363; x_wconf 91' lang='lat' dir='ltr'><strong><em>VI,</em></strong></span> <span class='ocrx_word' id='word_1_301' title='bbox 352 3311 424 3354; x_wconf 87' lang='grc'><strong>47.</strong></span> <span class='ocrx_word' id='word_1_302' title='bbox 511 3311 553 3364; x_wconf 88' lang='lat'><strong><em>7)</em></strong></span> <span class='ocrx_word' id='word_1_303' title='bbox 580 3312 622 3365; x_wconf 93' lang='lat' dir='ltr'><strong><em>I,</em></strong></span> <span class='ocrx_word' id='word_1_304' title='bbox 647 3312 715 3355; x_wconf 93' lang='grc'><strong>10.</strong></span> <span class='ocrx_word' id='word_1_305' title='bbox 802 3313 847 3366; x_wconf 88' lang='lat'><strong><em>8)</em></strong></span> <span class='ocrx_word' id='word_1_306' title='bbox 863 3313 943 3367; x_wconf 93' lang='lat' dir='ltr'><strong><em>VI,</em></strong></span> <span class='ocrx_word' id='word_1_307' title='bbox 965 3313 1035 3357; x_wconf 87' lang='lat'><strong><em>43.</em></strong></span> <span class='ocrx_word' id='word_1_308' title='bbox 1124 3312 1168 3364; x_wconf 87' lang='lat'><strong><em>9)</em></strong></span> <span class='ocrx_word' id='word_1_309' title='bbox 1193 3315 1262 3364; x_wconf 90' lang='grc' dir='ltr'><strong><em>ΙΙ,</em></strong></span> <span class='ocrx_word' id='word_1_310' title='bbox 1287 3313 1355 3356; x_wconf 78' lang='lat'><strong><em>29.</em></strong></span> <span class='ocrx_word' id='word_1_311' title='bbox 1448 3312 1516 3366; x_wconf 90' lang='grc'><strong><em>10)</em></strong></span> <span class='ocrx_word' id='word_1_312' title='bbox 1541 3314 1641 3366; x_wconf 89' lang='lat' dir='ltr'><strong><em>III,</em></strong></span> <span class='ocrx_word' id='word_1_313' title='bbox 1666 3314 1706 3356; x_wconf 89' lang='lat'><strong><em>9.</em></strong></span> <span class='ocrx_word' id='word_1_314' title='bbox 1794 3311 1866 3364; x_wconf 86' lang='lat'>11)</span> <span class='ocrx_word' id='word_1_315' title='bbox 1890 3313 1991 3366; x_wconf 92' lang='lat' dir='ltr'><strong><em>III,</em></strong></span> <span class='ocrx_word' id='word_1_316' title='bbox 2010 3313 2077 3355; x_wconf 83' lang='lat'><strong><em>19.</em></strong></span> 
     </span>
     <span class='ocr_line' id='line_1_36' title="bbox 191 3379 2080 3438; baseline 0.002 -16"><span class='ocrx_word' id='word_1_317' title='bbox 191 3379 262 3433; x_wconf 81' lang='lat'><strong><em>12)</em></strong></span> <span class='ocrx_word' id='word_1_318' title='bbox 293 3380 385 3434; x_wconf 91' lang='lat' dir='ltr'><strong><em>IV,</em></strong></span> <span class='ocrx_word' id='word_1_319' title='bbox 417 3381 544 3425; x_wconf 79' lang='lat'><strong>2—7.</strong></span> <span class='ocrx_word' id='word_1_320' title='bbox 663 3381 735 3435; x_wconf 87' lang='grc'><strong>13)</strong></span> <span class='ocrx_word' id='word_1_321' title='bbox 767 3383 860 3437; x_wconf 93' lang='lat' dir='ltr'><strong><em>IV,</em></strong></span> <span class='ocrx_word' id='word_1_322' title='bbox 893 3384 1076 3429; x_wconf 85' lang='lat'>11—13.</span> <span class='ocrx_word' id='word_1_323' title='bbox 1208 3383 1278 3436; x_wconf 89' lang='lat'><strong><em>14)</em></strong></span> <span class='ocrx_word' id='word_1_324' title='bbox 1313 3384 1401 3433; x_wconf 91' lang='lat' dir='ltr'><strong><em>IV,</em></strong></span> <span class='ocrx_word' id='word_1_325' title='bbox 1436 3383 1502 3427; x_wconf 89' lang='lat'><strong><em>16.</em></strong></span> <span class='ocrx_word' id='word_1_326' title='bbox 1620 3383 1691 3435; x_wconf 83' lang='lat'>15)</span> <span class='ocrx_word' id='word_1_327' title='bbox 1722 3383 1814 3436; x_wconf 89' lang='lat' dir='ltr'><strong><em>IV,</em></strong></span> <span class='ocrx_word' id='word_1_328' title='bbox 1848 3383 1926 3436; x_wconf 84' lang='lat'><strong><em>17,·</em></strong></span> <span class='ocrx_word' id='word_1_329' title='bbox 1963 3395 2080 3438; x_wconf 77' lang='lat' dir='ltr'><strong><em>quae</em></strong></span> 
     </span>
     <span class='ocr_line' id='line_1_37' title="bbox 193 3451 2079 3509; baseline 0.001 -14"><span class='ocrx_word' id='word_1_330' title='bbox 193 3452 312 3495; x_wconf 88' lang='lat' dir='ltr'><strong>Ann.</strong></span> <span class='ocrx_word' id='word_1_331' title='bbox 345 3451 470 3495; x_wconf 77' lang='lat' dir='ltr'><strong><em>Saxo</em></strong></span> <span class='ocrx_word' id='word_1_332' title='bbox 502 3452 555 3496; x_wconf 82' lang='lat' dir='ltr'><strong><em>de</em></strong></span> <span class='ocrx_word' id='word_1_333' title='bbox 583 3453 654 3496; x_wconf 80' lang='lat' dir='ltr'><strong><em>his</em></strong></span> <span class='ocrx_word' id='word_1_334' title='bbox 684 3454 818 3497; x_wconf 84' lang='lat' dir='ltr'><strong><em>rebus</em></strong></span> <span class='ocrx_word' id='word_1_335' title='bbox 847 3461 1032 3509; x_wconf 85' lang='lat' dir='ltr'><strong><em>narrat,</em></strong></span> <span class='ocrx_word' id='word_1_336' title='bbox 1063 3455 1236 3498; x_wconf 79' lang='lat' dir='ltr'><strong><em>nullius</em></strong></span> <span class='ocrx_word' id='word_1_337' title='bbox 1267 3460 1373 3498; x_wconf 85' lang='lat' dir='ltr'><strong><em>sunt</em></strong></span> <span class='ocrx_word' id='word_1_338' title='bbox 1404 3454 1641 3508; x_wconf 77' lang='lat' dir='ltr'><strong><em>momenti,</em></strong></span> <span class='ocrx_word' id='word_1_339' title='bbox 1679 3453 1895 3509; x_wconf 77' lang='lat' dir='ltr'><strong><em>quoniam</em></strong></span> <span class='ocrx_word' id='word_1_340' title='bbox 1924 3454 1996 3496; x_wconf 84' lang='lat' dir='ltr'><strong><em>ille</em></strong></span> <span class='ocrx_word' id='word_1_341' title='bbox 2026 3467 2079 3497; x_wconf 87' lang='lat' dir='ltr'><strong><em>ea</em></strong></span> 
     </span>
     <span class='ocr_line' id='line_1_38' title="bbox 189 3522 2078 3579; baseline 0 -14"><span class='ocrx_word' id='word_1_342' title='bbox 189 3536 242 3565; x_wconf 72' lang='lat' dir='ltr'><strong><em>ea·</em></strong></span> <span class='ocrx_word' id='word_1_343' title='bbox 272 3535 362 3566; x_wconf 89' lang='lat' dir='ltr'><strong><em>uno</em></strong></span> <span class='ocrx_word' id='word_1_344' title='bbox 389 3522 647 3566; x_wconf 82' lang='lat' dir='ltr'><strong><em>Thietmaro</em></strong></span> <span class='ocrx_word' id='word_1_345' title='bbox 678 3525 861 3579; x_wconf 66' lang='lat' dir='ltr'><strong><em>collegit.</em></strong></span> <span class='ocrx_word' id='word_1_346' title='bbox 981 3525 1050 3578; x_wconf 85' lang='lat'><strong><em>16)</em></strong></span> <span class='ocrx_word' id='word_1_347' title='bbox 1084 3527 1185 3578; x_wconf 89' lang='lat' dir='ltr'><strong><em>III,</em></strong></span> <span class='ocrx_word' id='word_1_348' title='bbox 1218 3526 1257 3568; x_wconf 83' lang='lat'><strong><em>6.</em></strong></span> <span class='ocrx_word' id='word_1_349' title='bbox 1376 3524 1445 3574; x_wconf 85' lang='lat'><strong><em>17)</em></strong></span> <span class='ocrx_word' id='word_1_350' title='bbox 1478 3525 1565 3575; x_wconf 92' lang='lat' dir='ltr'><strong><em>IV,</em></strong></span> <span class='ocrx_word' id='word_1_351' title='bbox 1599 3525 1667 3568; x_wconf 89' lang='lat'><strong>16.</strong></span> <span class='ocrx_word' id='word_1_352' title='bbox 1784 3523 1856 3576; x_wconf 88' lang='grc'><strong><em>18)</em></strong></span> <span class='ocrx_word' id='word_1_353' title='bbox 1899 3525 1979 3578; x_wconf 91' lang='lat' dir='ltr'><strong><em>VI,</em></strong></span> <span class='ocrx_word' id='word_1_354' title='bbox 2009 3525 2078 3569; x_wconf 83' lang='lat'><strong><em>44.</em></strong></span> 
     </span>
     <span class='ocr_line' id='line_1_39' title="bbox 192 3591 2078 3650; baseline 0.001 -14"><span class='ocrx_word' id='word_1_355' title='bbox 192 3592 264 3646; x_wconf 88' lang='grc'><strong><em>19)</em></strong></span> <span class='ocrx_word' id='word_1_356' title='bbox 298 3592 425 3647; x_wconf 83' lang='lat' dir='ltr'><strong>Conf.</strong></span> <span class='ocrx_word' id='word_1_357' title='bbox 468 3591 638 3638; x_wconf 84' lang='lat' dir='ltr'><strong><em>‘Neues</em></strong></span> <span class='ocrx_word' id='word_1_358' title='bbox 669 3594 852 3639; x_wconf 80' lang='lat' dir='ltr'><strong><em>Archiv&#39;</em></strong></span> <span class='ocrx_word' id='word_1_359' title='bbox 892 3597 1033 3650; x_wconf 86' lang='lat' dir='ltr'><strong><em>XIV,</em></strong></span> <span class='ocrx_word' id='word_1_360' title='bbox 1058 3610 1109 3650; x_wconf 79' lang='lat'><strong><em>10.</em></strong></span> <span class='ocrx_word' id='word_1_361' title='bbox 1133 3595 1328 3649; x_wconf 84' lang='lat'><strong><em>84—86,·</em></strong></span> <span class='ocrx_word' id='word_1_362' title='bbox 1370 3596 1509 3649; x_wconf 76' lang='lat' dir='ltr'><strong><em>plura</em></strong></span> <span class='ocrx_word' id='word_1_363' title='bbox 1547 3596 1600 3638; x_wconf 85' lang='lat' dir='ltr'><strong><em>de</em></strong></span> <span class='ocrx_word' id='word_1_364' title='bbox 1634 3595 1883 3639; x_wconf 81' lang='lat' dir='ltr'><strong><em>Thietmari</em></strong></span> <span class='ocrx_word' id='word_1_365' title='bbox 1916 3595 2008 3638; x_wconf 84' lang='lat' dir='ltr'><strong><em>vita</em></strong></span> <span class='ocrx_word' id='word_1_366' title='bbox 2038 3608 2078 3637; x_wconf 85' lang='lat' dir='ltr'><strong><em>v.</em></strong></span> 
     </span>
     <span class='ocr_line' id='line_1_40' title="bbox 188 3662 1493 3726; baseline 0.002 -19"><span class='ocrx_word' id='word_1_367' title='bbox 188 3665 316 3718; x_wconf 79' lang='lat' dir='ltr'><strong><em>apud</em></strong></span> <span class='ocrx_word' id='word_1_368' title='bbox 344 3663 590 3709; x_wconf 78' lang='lat' dir='ltr'><strong><em>Strebitzki</em></strong></span> <span class='ocrx_word' id='word_1_369' title='bbox 619 3662 979 3721; x_wconf 74' lang='lat' dir='ltr'><strong><em>‘Forschunyen’</em></strong></span> <span class='ocrx_word' id='word_1_370' title='bbox 1014 3668 1094 3710; x_wconf 91' lang='lat' dir='ltr'><strong><em>XI</em></strong></span> <span class='ocrx_word' id='word_1_371' title='bbox 1102 3667 1159 3726; x_wconf 60' lang='lat' dir='ltr'><strong><em>V„</em></strong></span> <span class='ocrx_word' id='word_1_372' title='bbox 1184 3679 1226 3721; x_wconf 81' lang='lat' dir='ltr'><strong><em>p.</em></strong></span> <span class='ocrx_word' id='word_1_373' title='bbox 1251 3666 1493 3710; x_wconf 85' lang='lat'><strong>349—366.</strong></span> 
     </span>
    </p>
   </div>
  </div>
 </body>
</html>
