2456 4036
635 259 966 305 THIETMARI
997 261 1211 307 OHRON.
1269 264 1382 308 LIB.
1414 264 1524 308 ΙΙΙΙ.
1957 265 2012 308 83

293 386 377 439 32.
459 386 681 436 Romam
750 404 876 439 sane
944 389 1181 455 predicto
1248 409 1427 444 cesare
1493 389 1843 456 ingrediente,
1910 406 2013 441 non

152 457 426 508 minimum
480 456 706 508 confisus
762 458 816 509 in
868 459 1051 512 iuvene
1103 461 1230 514 fecit
1274 480 1390 514 eum
1446 461 1793 529 spataferium
1843 478 2013 525 suum,

152 529 352 580 dicens:
409 526 565 578 ‘Dum
611 544 703 594 ego
748 527 906 580 hodie
944 530 1013 581 ad
1051 549 1204 584 sacra
1241 534 1426 584 limina
1464 531 1823 600 apostolorum
1862 549 2015 600 pero-

151 599 297 662 rab0,
343 602 402 650 tu
441 598 675 664 gladium
713 600 962 651 continue
1001 619 1159 669 super
1196 609 1357 670 caput
1392 621 1565 655 meum
1604 609 1793 655 teneto.
1880 602 2015 654 Nam

151 670 307 722 fidem
346 669 634 720 Romanam
675 671 1099 724 antecessoribus
1135 677 1332 726 nostris
1371 675 1548 742 sepius
1585 680 1882 743 suspectam
1912 690 2016 726 non

152 743 351 809 ignorO.
437 739 702 806 Sapientis
748 741 889 792 enim
935 749 1037 806 est,
1091 744 1314 797 adversa
1360 763 1601 814 quaeque
1645 746 1797 813 longe
1843 745 2015 798 adhuc

151 813 328 881 posita
389 811 674 879 cogitando
732 829 1067 879 prenoscere,
1135 833 1200 867 ne
1259 817 1395 868 sorte
1461 817 1749 883 improvisa
1807 817 2017 869 valeant

153 900 421 950 superare.
503 882 704 934 Deinde
748 883 1015 936 redeundo
1061 885 1130 936 ad
1175 892 1405 938 montem
1453 887 1704 950 Gaudiil,
1760 893 2015 956 quantum

152 955 393 1019 volueriS,
441 954 626 1006 orato.'
710 953 838 1006 Inde
875 972 997 1006 vero
1035 973 1275 1009 reversus
1320 958 1607 1022 abbatiam,
1648 976 1782 1026 quae
1821 959 2016 1011 dicitur

153 1025 327 1077 Torna
341 1025 378 1089 2,
411 1025 476 1077 de
514 1024 808 1076 hereditate
846 1027 1064 1093 propria
1101 1030 1415 1094 construxit,
1447 1030 1501 1080 in
1538 1047 1644 1097 qua
1673 1029 1835 1082 filiam
1867 1047 2015 1082 suam

153 1097 500 1161 abbatissam,
572 1096 920 1164 plurimarum
990 1098 1098 1149 Deo
1165 1099 1471 1151 devotarum
1538 1102 2018 1154 sanctimonialium

153 1174 392 1232 matrem,
431 1185 649 1220 assensu
688 1166 989 1235 pontificis3
1028 1171 1320 1232 constituit,
1360 1176 1649 1239 sanctoque
1690 1170 2018 1239 Lantperto⁴

153 1257 249 1307 pro
286 1238 519 1292 remedio
558 1239 768 1291 animae
808 1256 936 1291 suae
975 1257 1039 1291 ex
1076 1240 1281 1307 integro
1320 1241 1555 1296 tradidit.

293 1312 378 1363 33.
431 1309 564 1380 (23.)
641 1309 811 1362 Huius
860 1327 980 1362 vero
1033 1312 1412 1379 omnipotentis
1462 1313 1559 1364 Dei
1611 1313 1840 1365 famulae
1893 1314 2019 1381 quia

153 1383 475 1434 mentionem
500 1381 736 1445 fecimUS,
769 1381 910 1449 quod
935 1383 1133 1433 nostris
1158 1383 1484 1450 temporibus
1507 1402 1601 1452 per
1624 1402 1736 1436 eam
1764 1385 2018 1437 Dominus

153 1459 402 1520 operatus
448 1458 550 1517 est,
598 1451 807 1504 silentio
853 1470 957 1504 non
1002 1453 1391 1520 preteribimus,
1476 1454 1869 1523 Hospitalitatis
1913 1472 2019 1507 non

153 1524 319 1577 oblita
361 1529 543 1577 tantae
590 1523 912 1592 dapsilitatis
958 1525 1101 1576 circa
1146 1543 1338 1592 egenos
1387 1531 1440 1578 et
1482 1527 1788 1594 peregrinos
1827 1528 2018 1589 extitit,

153 1601 213 1648 ut
257 1595 485 1664 quadam
534 1595 617 1647 die
664 1595 728 1646 de
765 1596 883 1648 vino
928 1596 1004 1647 nil
1042 1596 1142 1647 sibi
1179 1597 1259 1649 vel
1305 1598 1574 1649 sororibus
1613 1597 2021 1650 beneficentiae⁸

154 1667 752 1734 communicationisque
790 1684 953 1718 causa
996 1669 1335 1735 pretermisit.
1418 1669 1530 1720 Hoc
1576 1669 1698 1720 dum
1746 1669 2021 1721 celleraria

154 1739 255 1791 sibi
292 1739 605 1801 nuntiasset,
653 1739 752 1790 ait:
802 1738 970 1805 ‘Equo
1010 1739 1187 1790 animo
1235 1745 1364 1803 est0,
1411 1758 1552 1804 cara,
1600 1745 1652 1791 et
1697 1740 2019 1791 confortare!

156 1811 255 1862 Dei
293 1811 434 1861 enim
472 1811 645 1877 gratia
683 1810 813 1861 satis
851 1809 1002 1861 nobis
1040 1812 1237 1877 poterit
1283 1811 1444 1862 dare.'
1526 1810 1823 1878 Statimque
1869 1810 2022 1862 solito

153 1898 300 1933 more
338 1887 462 1933 ante
501 1899 710 1933 crucem
748 1886 1016 1949 prostrata
1054 1882 1106 1932 in
1144 1884 1374 1934 oratorio
1406 1888 1618 1934 sanctae
1652 1883 1853 1934 Mariae
1884 1883 2024 1949 cepit

155 1971 323 2018 orare,
371 1954 652 2020 vinumque
691 1954 743 2003 in
782 1969 904 2004 vase
944 1953 1184 2005 funditus
1221 1954 1392 2021 pridie
1431 1953 1748 2006 exhaustum
1788 1970 2020 2005 crescere

156 2025 316 2092 cepit,
363 2024 710 2092 quoadusque
758 2022 1085 2092 superfluxit.
1169 2025 1247 2076 De
1292 2043 1395 2093 quo
1440 2042 1543 2076 non
1587 2030 1792 2076 tantum
1831 2025 2022 2076 sancti-

154 2096 426 2160 monialeS,
462 2095 555 2148 sed
586 2102 639 2147 et
668 2113 827 2163 quam
858 2096 1037 2163 plures
1069 2095 1160 2147 diu
1192 2096 1259 2147 ad
1291 2097 1500 2149 laudem
1534 2097 1746 2148 Domini
1777 2096 2024 2148 biberunt

154 2169 632 2220 circummanentes
673 2167 752 2218 vel
790 2166 1153 2222 adventantes,

294 2239 378 2294 34.
451 2239 662 2291 Interea
713 2239 954 2306 contigit,
1019 2246 1077 2290 ut
1130 2239 1344 2290 domina
1396 2239 1674 2291 Heresuitb
1734 2238 2021 2301 comitissa,

154 2311 321 2379 ipsius
375 2310 578 2363 scilicet
627 2311 819 2362 coniux
864 2311 1174 2375 reverenda,
1226 2311 1281 2362 in
1326 2316 1474 2362 curte
1519 2327 1636 2373 sua,
1692 2310 1783 2377 qui
1827 2309 2023 2361 dicitur

154 2381 346 2445 Gilisa,
401 2383 542 2449 cepit
594 2386 849 2449 egrotare.
935 2383 1081 2446 Quae
1135 2383 1316 2434 statim
1368 2382 1509 2434 velut
1561 2384 1746 2433 mortis
1799 2397 2025 2449 presaga

155 2454 367 2506 futurae
404 2454 675 2506 festinavit
711 2454 788 2504 ire
827 2453 895 2505 ad
927 2453 1116 2508 Torna.
1194 2453 1307 2517 Quo
1348 2453 1469 2505 dum
1511 2471 1603 2520 pre
1643 2453 1804 2505 nimio
1843 2451 2023 2504 dolore

153 2526 398 2593 nequiret
440 2526 737 2594 pervenire,
785 2525 839 2576 in
886 2525 1042 2577 domo
1089 2524 1366 2577 cuiusdam
1414 2525 1628 2576 maioris
1671 2525 1927 2576 remansit
1971 2524 2024 2574 in

153 2597 360 2649 itinere.
457 2597 580 2661 Qui,
643 2597 781 2648 sicut
833 2597 943 2664 ipse
999 2596 1154 2648 nobis
1212 2597 1416 2660 retulit,
1478 2596 1671 2648 nimiae
1731 2595 2024 2647 ferocitatis

155 2685 311 2721 canes
343 2668 546 2732 habuit,
579 2685 804 2736 quorum
835 2668 1089 2719 latratum
1121 2671 1237 2736 ipsa
1268 2667 1478 2719 infirma
1501 2668 1732 2735 graviter
1755 2666 2019 2719 sustinuit.

154 2739 361 2808 Hospes
398 2745 460 2791 ut
497 2739 721 2803 audivit,
773 2739 965 2792 festine
1003 2745 1252 2807 precatus
1290 2738 1358 2791 ab
1395 2739 1510 2807 ipsa
1547 2739 1641 2790 hos
1677 2738 2023 2790 libentissime

153 2811 319 2863 voluit
356 2828 544 2878 capere
581 2811 662 2863 vel
707 2809 777 2862 ad
815 2810 1085 2876 ultimum,
1140 2812 1184 2862 si
1222 2810 1505 2878 potuisset,
1560 2810 1725 2861 eciam
1766 2808 2020 2860 occidere.

154 2882 355 2934 Horum
394 2882 519 2934 dum
558 2887 803 2934 neutrum
843 2884 1117 2949 potuisset,
1157 2881 1474 2933 mirabiliter
1509 2881 1718 2944 accidit,
1758 2888 1818 2931 ut
1848 2878 2022 2930 nullus

155 2971 334 3006 eorum
379 2960 563 3022 postea
607 2953 778 3022 quivit
821 2954 1041 3018 latrare,
1097 2954 1493 3006 donec'sancta
1540 2953 1636 3004 Dei
1690 2951 1883 3003 ancilla
1933 2950 2024 3001 ob-

157 3025 404 3078 dormivit
441 3026 494 3077 in
533 3043 678 3094 pace.
766 3025 934 3088 Quam
974 3043 1126 3077 secus
1163 3025 1548 3077 monasterium
1587 3022 1902 3075 communisc
1949 3021 2023 3073 la-

154 3096 301 3149 boris
361 3114 533 3149 comes
595 3104 810 3150 sanctae
869 3097 1228 3165 simplicitatis
1294 3097 1350 3147 in
1415 3095 1703 3148 secretario
1770 3093 2020 3162 sepelivit.

156 3167 327 3220 Huius
380 3170 675 3221 cameraria
727 3168 907 3221 multis
960 3169 1113 3220 annis
1165 3167 1268 3219 fuit
1318 3167 1589 3235 ydropica.
1671 3165 1809 3217 Huic
1856 3165 2020 3216 visum

156 3245 235 3291 est
271 3241 322 3294 in
363 3240 545 3307 vigilia
582 3240 777 3293 natalis
821 3240 1054 3302 Domini,
1106 3238 1248 3306 quod
1286 3239 1354 3290 ad
1398 3238 1733 3306 sepulchrum
1779 3236 2021 3287 dominae

156 3328 284 3362 suae
344 3311 592 3364 candelas
652 3311 870 3364 deberet
920 3311 1134 3381 afferre3
1195 3310 1334 3377 quod
1386 3316 1438 3360 et
1490 3309 1630 3365 fecit,
1727 3307 1846 3358 Mox
1897 3306 2022 3358 dum

156 3423 192 3465 a)
215 3423 467 3457 beneficientie
490 3427 524 3457 2.
611 3427 648 3464 b)
670 3427 823 3458 Hersuit
846 3426 888 3458 A.
907 3426 969 3465 S.,·
994 3425 1184 3456 heresuint
1206 3425 1238 3454 2.
1326 3422 1361 3464 e)
1384 3423 1440 3454 sui
1464 3423 1661 3454 communis
1683 3421 1724 3452 A.
1745 3422 1782 3453 S.
1806 3430 1839 3453 α.
1857 3421 1936 3452 995.

157 3497 200 3550 1)
233 3498 372 3542 Nunc
402 3499 556 3542 Monte
588 3499 741 3542 Mario
771 3499 820 3541 in
851 3498 1008 3541 dextra
1036 3498 1141 3552 ripa
1169 3496 1353 3548 Tiberis,
1384 3495 1443 3546 cf.
1476 3495 1642 3546 Waitz,
1675 3492 2020 3547 ‘Verfassunys-

154 3556 318 3609 9esch!
355 3556 437 3608 VI,
482 3557 578 3600 186.
716 3556 759 3607 2)
802 3555 948 3598 Turne
981 3554 1195 3609 oppidum
1235 3553 1284 3595 in
1325 3552 1514 3595 sinistra
1554 3553 1659 3606 ripa
1694 3552 1855 3593 Mosae
1895 3550 2022 3599 infra

158 3612 434 3656 Maastricht
461 3625 599 3667 prope
633 3612 910 3657 Roermonde
940 3612 1087 3656 situm.
1217 3611 1260 3662 3)
1292 3609 1567 3652 Leodz‘ensis.
1698 3607 1742 3661 4)
1774 3607 2021 3650 Leodien-si.

1709 3691 1768 3738 6*

2046 3251 2135 3282 Dec.
2149 3251 2203 3283 24.
