2456 4036
224 381 348 424 1018.

124 457 194 489 1u1.
211 457 252 489 29
269 456 353 498 (30).

256 670 351 710 Aug.

120 1099 265 1130 Baruch
278 1098 362 1136 332.

379 245 462 288 256
792 243 1130 287 THIETMARI
1160 241 1379 286 CHRON.
1437 241 1552 285 LIB.
1582 241 1649 285 IX
1680 242 1843 294 (VIII).

381 388 590 438 semper
627 375 830 437 exopto,
911 369 1243 439 [Baldericus
1284 367 1656 420 Leodicensis2
1701 369 1980 436 episcopus
2023 367 2157 421 obiit
2201 370 2256 422 in

380 442 522 494 'l'iele
561 441 746 493 eodem
785 439 997 510 die]b·¹.

503 515 603 566 ¹29.
658 511 791 581 (14.)
852 511 944 562 *In
997 509 1184 562 diebus
1237 508 1343 560 illis
1397 508 1453 560 in
1510 509 1818 576 episcopatu
1872 528 1986 562 meo
2048 510 2291 579 septem*

377 584 639 651 mancipia
699 582 890 649 fungos
942 580 1332 632 manducavere
1386 597 1490 632 non
1541 580 1742 633 *rectos
1797 587 1849 633 et
1900 582 2012 634 acri
2063 582 2253 636 ardore
2281 598 2298 615 *
2348 622 2358 632 .
2400 580 2410 590 ‘

378 655 620 707 succensi
678 653 923 704 celeriter
974 653 1175 704 mortui
1226 656 1365 706 sunt.
1461 651 1531 702 Et
1581 652 1637 703 in
1688 669 1865 704 mense
1918 656 2050 721 Aug.
2100 655 2257 708 stella

379 726 608 793 quedam
653 724 805 775 iuxta
851 723 1182 790 plaustrum⁰
1237 723 1448 774 noviter
1500 739 1765 790 apparens
1825 723 1994 776 radiis
2048 726 2256 780 eminus

377 797 584 848 emissis
631 799 848 847 cunctos
895 800 1173 847 cernentes
1218 792 1462 847 terruit2.
1552 794 1858 862 Numquam
1902 797 2042 847 enim
2086 799 2256 851 nostri

375 867 630 919 memoria
677 866 801 918 talis
847 867 1087 918 exoritur
1131 873 1184 918 et
1222 864 1342 917 ideo
1387 862 1799 936 [unus]quisque
1841 864 1982 937 [hoc]
2025 867 2256 922 admira-

375 945 477 1002 tur,
523 937 824 1006 prodigium
862 937 962 990 hoc
1000 955 1115 990 esse
1153 936 1306 988 timet
1342 935 1549 1004 vulguS‚
1598 937 1689 989 sed
1733 954 1854 989 cum
1888 939 2258 993 misericordia

376 1010 432 1061 id
476 1008 619 1061 finiri
674 1007 848 1061 fidelis
894 1013 1077 1076 sperat
1127 1007 1385 1077 popellus,
1470 1007 1546 1060 De
1591 1007 1695 1060 hiis
1753 1008 2016 1062 similibus
2062 1011 2258 1065 clamat

381 1081 637 1133 Ieremias
667 1080 963 1133 veredicus:
1032 1079 1136 1140 Qui
1163 1081 1259 1132 scit
1288 1080 1547 1145 universa,
1583 1081 1724 1132 novit
1751 1080 1881 1146 ma,-
1917 1090 1964 1133 et
1992 1082 2259 1136 adinvenit

375 1172 435 1204 ea
482 1153 666 1204 suimet
712 1153 1008 1221 prudentia.
1095 1150 1264 1204 Stella
1311 1150 1457 1214 haec,
1498 1167 1634 1218 quae
1673 1150 1888 1216 effulsit,
1929 1152 2048 1219 plus
2093 1172 2257 1223 quam

375 1223 541 1275 XIIII
587 1223 701 1276 dies
746 1224 859 1276 visa
905 1229 1000 1276 est.
1083 1222 1144 1274 In
1189 1222 1465 1291 provincia
1509 1221 1910 1291 Northuringun
1955 1223 2100 1277 dicta
2144 1231 2257 1279 tres

374 1296 487 1364 lupi
533 1312 741 1364 semper
787 1295 1056 1364 congressi
1106 1311 1204 1347 nec
1248 1299 1409 1346 antea
1454 1310 1518 1345 ex
1563 1293 1958 1347 habitatoribus
2009 1295 2114 1350 hiis
2158 1297 2259 1350 visi

375 1366 677 1420 hominibus
739 1367 924 1419 multis
982 1371 1145 1434 atque
1202 1364 1484 1434 pecoribus
1542 1364 1890 1418 ineffabiliter
1947 1375 2257 1423 nocuerunt.

377 1438 492 1491 Hoc
531 1455 743 1506 quoque
781 1437 1037 1506 indigena
1068 1439 1239 1490 omnis
1270 1437 1605 1489 vehementer
1643 1454 1996 1505 expavescens
2046 1440 2258 1492 maiori-

377 1510 474 1562 bus
535 1516 688 1562 curat
747 1510 940 1577 inpleri
992 1508 1373 1563 *detrimentis
1471 1508 1669 1561 Beatus
1730 1526 1961 1577 namque
2020 1510 2260 1579 loquitur
2282 1522 2300 1540 *

376 1581 684 1649 Gregorius:
768 1581 943 1633 Multa
993 1581 1171 1634 debent
1221 1580 1363 1632 mala
1415 1598 1739 1649 precurrere,
1797 1589 1852 1632 ut
1903 1581 2004 1633 illa
2054 1583 2260 1636 valeant

375 1655 484 1706 sine
523 1654 662 1705 omni
691 1653 801 1721 fine
846 1662 1058 1706 ventura
1094 1653 1360 1705 nunciare.
1436 1651 1497 1703 In
1528 1651 1854 1720 supradictis
1893 1653 2139 1707 omnibus
2168 1654 2258 1707 de·-

377 1743 536 1794 super
587 1724 741 1778 nobis
800 1725 882 1777 ira
935 1724 1182 1777 caelestis
1240 1722 1529 1787 revelatur,
1593 1722 1685 1775 sed
1745 1725 2260 1794 circumspeccione*

380 1794 562 1868 [vigili]
602 1797 736 1849 haec
774 1796 842 1849 ab
882 1797 1114 1849 humana
1153 1795 1443 1863 fragilitate
1480 1811 1586 1846 non
1624 1795 1938 1848 attenditur.

520 1869 606 1922 30.
647 1867 777 1938 (15.)
837 1867 972 1920 *Iste
1010 1884 1182 1920 annus
1220 1884 1356 1919 nova
1395 1867 1800 1935 nuncupacione
1838 1872 2049 1920 terraee
2085 1868 2259 1922 mocio

375 1939 457 1992 vel
493 1957 686 2008 magna
724 1940 979 1992 contricio
1018 1957 1084 1992 ex
1119 1938 1199 1991 rei
1234 1939 1460 1991 veritate
1497 1938 1755 2007 appellari
1791 1943 1981 2007 potest.
2064 1938 2261 1993 Ineffa-

376 2011 498 2064 bilis
536 2013 679 2064 enim
715 2011 997 2064 tribulacio
1035 2010 1234 2063 mundo
1273 2009 1514 2062 instabili
1552 2015 1739 2062 exorta
1775 2009 2105 2064 habitatores
2143 2012 2260 2064 eius

377 2083 611 2152 undique
656 2083 913 2147 turbavit3
967 2083 1118 2135 cuius
1166 2092 1375 2149 partem
1425 2081 1635 2150 predixi
1687 2087 1755 2145 et,
1807 2088 1935 2135 tunc
1975 2101 2112 2151 quae
2141 2100 2259 2152 pre-

377 2157 644 2219 terieram,
684 2155 792 2207 alte
829 2154 1028 2222 gemitu
1066 2159 1241 2206 tracto
1279 2152 1558 2222 explicam.
1635 2153 1903 2206 Balderici
1940 2155 2169 2221 presulis
2207 2160 2260 2208 et

379 2225 782 2279 Cameracensis
829 2226 1098 2295 episcopi3
1142 2225 1342 2278 milites
1385 2241 1553 2293 poene
1593 2241 1775 2277 omnes
1820 2226 2064 2292 predicta
2099 2243 2259 2294 oppe-

377 2299 588 2351 cierunt
625 2298 680 2349 in
718 2298 895 2351 insula
933 2303 986 2351 et
1021 2298 1078 2349 in
1110 2297 1369 2366 proximis
1406 2296 1579 2349 tribus
1609 2297 1897 2363 provinciis
1939 2314 2044 2350 non
2074 2315 2258 2367 super—

378 2375 496 2422 erat
548 2387 656 2422 una
707 2369 918 2433 domus,
979 2368 1068 2421 ubi
1124 2369 1314 2422 saltem
1366 2384 1474 2420 non
1524 2367 1733 2421 deesset
1783 2367 2052 2422 habitator
2103 2386 2256 2422 unus.

378 2442 505 2494 Post
553 2446 797 2509 tempora
843 2441 1023 2494 Caroli
1079 2441 1157 2492 inf
1204 2457 1313 2493 una
1361 2439 1447 2492 die
1492 2439 1574 2492 vel
1618 2457 1758 2492 anno
1804 2439 2011 2509 aliquid
2054 2441 2110 2493 in
2154 2441 2258 2494 hiis

376 2512 684 2581 regionibus
722 2513 829 2565 tale
866 2530 972 2566 non
1006 2511 1218 2576 accidit,
1259 2512 1398 2564 sicut
1428 2515 1668 2564 vetustas
1699 2511 1908 2566 asserit.
1985 2511 2259 2575 Quomodo

380 2602 632 2652 umquam
671 2584 978 2638 ceciderunt
1013 2584 1149 2636 tales
1186 2584 1287 2636 viri
1327 2581 1530 2652 absque
1577 2582 1808 2652 dampno
1855 2583 2072 2636 hostili?
2155 2582 2260 2637 Sed

378 2656 555 2708 nullus
593 2656 649 2708 id
686 2657 929 2720 miratur,
970 2656 1063 2725 qui
1098 2656 1202 2708 hoc
1239 2656 1342 2708 rite
1380 2654 1685 2717 meditatur,
1726 2655 1853 2723 quia
1888 2655 1935 2707 is
1973 2655 2048 2707 nil
2083 2660 2259 2724 potest

379 2746 632 2796 pugnare,
658 2746 815 2797 quem
840 2728 997 2797 culpa
1020 2727 1104 2780 sui
1128 2727 1302 2795 gravis
1324 2725 1559 2779 vindicta
1574 2726 1676 2779 Dei
1698 2726 1889 2779 nititur
1912 2726 2208 2795 deprimere
2217 2735 2256 2781 8.

382 2800 480 2852 Hic
515 2799 933 2869 inexuperabilis
972 2816 1128 2852 casus
1164 2803 1350 2868 postea
1380 2798 1493 2851 cito·
1518 2797 1886 2863 obliviscatur3
1926 2799 2055 2866 quia
2085 2797 2258 2852 Gode-

378 2871 505 2924 fridi
543 2871 695 2924 ducis
733 2871 935 2924 auxilio
969 2870 1321 2924 Athelboldus
1359 2870 1587 2922 antistes
1626 2887 1746 2922 cum
1784 2869 2064 2936 Thiedrico
2104 2869 2258 2923 hoste

379 2942 813 3006 reconciliatur43
864 2949 918 2995 et
964 2941 1066 2995 hoc
1109 2943 1252 2995 venit
1299 2959 1406 2994 non
1454 2959 1519 2994 ex
1563 2940 1834 2994 voluntate
1883 2958 2004 3005 sua,
2054 2940 2148 2994 sed
2193 2957 2259 2994 ex

2419 794 2443 1157 '‘'mmma-n-ssfflc
2422 702 2447 706 i

380 3015 700 3068 necessitate
739 3032 961 3069 summa.
1036 3013 1155 3066 Non
1194 3019 1310 3066 erat
1346 3013 1487 3066 enim
1517 3013 1674 3066 istius
1704 3013 1936 3081 regionis
1968 3012 2110 3065 ullus
2139 3030 2258 3081 pre·
2319 3052 2322 3055 <

379 3091 564 3154 potens
609 3086 878 3150 defensor,
926 3086 971 3138 si
1017 3085 1246 3153 amplius
1291 3085 1591 3154 insurgeret
1634 3085 1883 3138 inimicus
1928 3084 2118 3137 acrior.
2202 3083 2258 3137 Si

380 3201 416 3242 a)
447 3210 466 3232 c
490 3210 627 3233 erasum
651 3203 684 3233 1.
801 3201 839 3240 b)
870 3200 1085 3233 Baldericus
1109 3218 1147 3223 —
1173 3199 1230 3231 die
1262 3201 1300 3231 in
1328 3200 1452 3231 ultima
1476 3200 1631 3240 paginae
1659 3199 1754 3231 linea
1786 3199 1818 3231 T
1844 3199 1914 3231 alio
1943 3200 2089 3239 tempore
2119 3198 2259 3231 videtur

381 3245 572 3284 scripsisse.
628 3247 661 3281 c)
684 3245 786 3276 iuxta
810 3245 954 3284 signum
978 3244 1127 3276 maioris
1157 3252 1254 3284 urse,
1277 3242 1372 3282 quod
1395 3243 1505 3282 vulgo
1528 3242 1736 3282 plaustrum
1759 3241 1892 3274 dicitur
1914 3243 1949 3275 2.
2003 3241 2040 3283 d)
2063 3251 2086 3283 p
2109 3241 2196 3275 add.
2216 3243 2257 3274 T.

381 3293 415 3335 0)
429 3288 455 3325 ἶ
477 3297 510 3326 1.
598 3295 626 3333 f)
647 3288 774 3327 fcorr.
800 3295 814 3324 ῖ
837 3296 870 3327 1,
957 3294 994 3335 g)
1016 3293 1210 3333 deprimire
1235 3295 1267 3325 1.

382 3373 423 3426 1)
457 3373 635 3418 Necrol.
654 3374 795 3418 Mers.
818 3374 909 3418 Iul.
932 3375 1001 3418 30.
1024 3374 1313 3427 Baldericns,
1336 3373 1417 3429 qui
1437 3377 1647 3429 aem-otus
1670 3372 1919 3416 Adalboldi
1938 3371 2257 3426 eoepeditionem

381 3432 507 3486 sequi
541 3436 729 3476 conatus
766 3435 884 3485 erat,
921 3436 1125 3476 mortuus
1162 3435 1229 3474 est
1264 3431 1313 3474 in
1352 3435 1473 3476 curte
1508 3430 1632 3486 reyia
1662 3429 1941 3474 Herwerden
1969 3430 2085 3474 inter
2122 3427 2260 3473 Waal

382 3492 423 3531 et
452 3489 594 3532 Maas
617 3488 778 3540 fluvios
804 3501 942 3543 prope
975 3489 1071 3532 Tiel
1098 3488 1316 3545 oppidum
1339 3489 1441 3533 sita.
1579 3486 1622 3540 2)
1655 3488 1728 3531 De
1757 3487 1839 3531 hoc
1868 3491 2038 3531 cometa
2067 3498 2108 3530 υ.
2132 3485 2254 3529 Ann.

383 3545 613 3645 guzdlgnb.
637 3559 680 3589 a.
699 3546 825 3599 1018,
851 3547 1022 3601 Alpert.
1046 3547 1118 3600 II,
1146 3545 1212 3589 19.
1256 3548 1310 3589 L.
1391 3544 1435 3596 3)
1468 3543 1699 3589 Gerhardi
1728 3544 2022 3588 1012—1048.
2122 3543 2168 3595 4)
2206 3542 2257 3587 V.

383 3601 392 3618 ‘
432 3615 461 3645 a
492 3615 517 3644 r
549 3602 576 3643 .’
610 3603 708 3656 III,
740 3603 992 3647 103—104.
