2456 4036
377 258 434 300 68
502 231 506 233 ’
867 257 1206 301 THIETMARI
1237 256 1452 301 cHRoN.
1514 258 1773 303 LIB.1111.

249 376 348 421 984.
381 382 528 447 Eida,
568 389 785 436 nostrae
825 383 1249 450 congregationis
1288 383 1470 448 frater,
1510 385 1590 437 vir
1627 386 1800 438 iustus
1839 391 1892 438 et
1920 404 2110 455 magne
2141 389 2265 440 sim—

373 454 656 521 plicitatiS,
706 454 986 506 ordinatur
1022 455 1240 507 hortatu
1279 455 1518 508 Gisilleri
1557 456 1959 525 archipresuliS,
2009 459 2073 511 de
2112 459 2264 512 cuius

375 525 594 577 inclitab
635 525 1044 577 conversacione
1083 525 1254 578 multa
1292 526 1362 579 ad
1397 526 1788 581 edificationem
1819 534 2058 582 nostram
2091 531 2262 596 utilia,

375 612 496 647 cum
537 600 744 663 tempus
783 595 963 659 fuerit,
1001 595 1248 661 narrabo,
1288 615 1430 651 nunc
1467 599 1695 667 inceptis
1731 600 2039 668 persistens,

519 669 567 720 7.
615 666 713 735 (6.)
782 665 1006 718 Interim
1053 667 1289 720 fautores
1339 669 1480 738 regis
1523 670 1913 723 Willehelmum
1963 673 2210 725 comitem
2227 673 2262 737 ¹,

374 737 496 789 duci
542 738 700 789 nimis
748 736 1095 803 familiarem,
1152 739 1207 791 in
1255 739 1560 792 Wimeri0·2
1605 741 1939 809 possidentes
1993 748 2263 812 comperto

374 809 607 860 eiusdem
655 808 888 861 adventu
939 808 1031 861 illo
1080 809 1340 864 festinant
1391 829 1456 866 ac
1499 812 1653 864 iuxta
1696 813 1899 878 villam,
1957 832 2093 883 quae
2132 815 2263 867 Iteri

373 878 629 945 dicitur3,
685 880 1058 933 convenientes
1119 886 1298 935 castra
1352 884 1537 937 metati
1584 888 1729 948 sunt,
1797 886 2030 938 crastino
2078 891 2266 939 contra

372 969 493 1003 eum
554 950 820 1003 bellaturi.
930 950 1081 1015 Quod
1142 971 1264 1006 cum
1324 954 1514 1008 ducem
1573 956 1818 1023 protinus
1881 974 1987 1009 non
2053 957 2262 1022 lateret,

372 1021 678 1075 Gisillerum
717 1021 822 1074 huc
861 1023 1010 1075 misit
1047 1024 1527 1094 archiepiscopum,
1579 1027 1672 1095 qui
1710 1027 2039 1081 voluntatem
2079 1046 2263 1081 eorum

370 1093 707 1160 perquireret
736 1110 1043 1162 pacemque,
1089 1096 1134 1148 si
1163 1097 1429 1164 potuisset
1459 1097 1571 1150 ulla
1603 1096 1717 1150 fieri
1741 1100 1983 1164 racione,
2006 1099 2260 1153 firmaret.

370 1164 473 1216 Hic
533 1182 654 1217 cum
714 1165 1015 1219 senioribus
1085 1169 1418 1236 congregatis
1486 1186 1615 1222 suae
1681 1170 1963 1237 legationis
2031 1173 2264 1240 aperiret

371 1241 659 1301 secretum,
713 1236 916 1290 dictum
963 1242 1046 1290 est
1089 1238 1158 1291 ab
1205 1239 1311 1292 his:
1367 1241 1414 1292 si
1457 1258 1634 1308 regem
1683 1259 1838 1293 suum
1884 1247 1939 1294 et
1990 1241 2261 1295 dominum

368 1306 592 1361 reddere
630 1308 814 1375 nilque
853 1309 918 1362 de
955 1309 1116 1362 rebus
1156 1312 1266 1363 suis
1303 1316 1482 1380 preter
1521 1311 1855 1380 Merseburg,
1911 1313 2170 1369 Walbizi⁴
2211 1320 2264 1368 et

367 1380 577 1432 Frasu5
616 1380 685 1432 ad
725 1386 1245 1449 supramemoratum
1284 1383 1425 1435 diem
1464 1383 1569 1436 sibi
1610 1385 1849 1436 detinere
1889 1384 2146 1438 voluisset
2183 1385 2262 1438 id-

370 1469 472 1519 que
527 1452 880 1504 sacramentis
937 1453 1285 1506 credibilibus
1338 1455 1687 1523 approbaret,
1749 1455 1894 1524 quod
1953 1461 2083 1509 tunc
2141 1475 2261 1510 cum

370 1523 660 1575 securitate
699 1540 884 1576 eorum
924 1541 990 1575 ex
1026 1530 1180 1592 parte
1219 1526 1552 1579 consolidata
1590 1526 1715 1580 huic
1751 1527 1901 1580 abire
1932 1527 2138 1591 liceret;
2180 1529 2263 1581 sin

367 1599 564 1659 autem,
605 1594 749 1662 quod
787 1594 947 1648 eundi
978 1596 1376 1667 redeundiqued
1406 1598 1584 1650 nullus
1615 1598 1731 1650 vivo
1761 1603 2063 1667 patesceret
2091 1600 2258 1654 locus.

369 1665 509 1728 Quid
546 1666 737 1735 plura?
787 1667 1042 1735 quicquid
1081 1674 1391 1736 exposcunt,
1433 1670 1667 1723 crastino
1705 1670 1998 1739 impetrant
2034 1689 2261 1740 eumque
2441 1738 2446 1742 ἡ

368 1737 436 1789 ad
475 1736 810 1806 Merseburg,
858 1737 951 1791 ubi
991 1739 1203 1792 ductrix
1242 1739 1431 1794 Grisla6
1469 1740 1652 1809 *longo
1691 1742 1863 1795 tristis
1910 1742 2131 1796 sedebat
2167 1742 2261 1796 ab·
2286 1760 2438 1801 *som

368 1826 538 1872 cessu,
578 1809 657 1861 hii
695 1809 1031 1864 discedentes
1068 1811 1146 1864 ire
1185 1812 1520 1879 permittunt.
1602 1812 1657 1865 Is
1695 1830 1819 1866 vero
1859 1831 1976 1866 cum
2016 1813 2262 1868 fidelibus
2443 1822 2445 1826 ‘

367 1881 478 1933 suis
513 1882 725 1950 singula
756 1899 999 1950 quaeque
1026 1882 1320 1937 discutiens
1351 1902 1513 1953 seque
1538 1884 1605 1936 ob
1630 1885 1732 1938 Dei
1756 1886 2001 1938 timorem
2025 1887 2261 1955 patriae-

366 1970 470 2021 que
508 1953 737 2006 salutem
777 1971 810 2006 a
846 1955 1151 2022 propositoe
1199 1973 1533 2009 recessurum
1581 1974 1678 2009 suo
1715 1957 1978 2010 veraciter
2015 1957 2260 2011 indicans

366 2029 546 2092 grates
583 2025 774 2078 auxilii
812 2026 1006 2078 suimet
1043 2043 1107 2078 ac
1138 2026 1308 2080 bonae
1338 2028 1631 2081 voluntatis
1662 2028 1957 2097 condignas
1987 2029 2154 2082 refert
2191 2033 2259 2094 et,

365 2101 426 2148 ut
463 2114 585 2148 cum
622 2096 716 2149 illo
756 2096 826 2149 ad
865 2097 1167 2150 condictum
1204 2104 1490 2168 pergerent
1535 2099 1699 2167 diem,
1749 2118 1932 2153 omnes
1979 2101 2260 2155 caritative

364 2167 621 2236 postulat.

208 2256 267 2279 ⁰1¹·
285 2248 339 2280 2⁹·
508 2242 556 2294 8.
639 2239 870 2292 Ventum
924 2246 1006 2293 est
1058 2240 1129 2292 ad
1181 2241 1326 2293 Rara
1384 2241 1452 2294 ab
1512 2242 1928 2311 inperatricibus
1981 2243 2037 2295 in
2091 2243 2259 2313 Papia

363 2309 644 2363 humiliter
695 2311 931 2364 divinam
981 2311 1403 2366 consolationem
1465 2313 1570 2366 huc
1619 2332 1787 2383 usque
1839 2315 2258 2383 prestolantibus

364 2387 418 2434 et
454 2382 523 2435 ab
562 2383 824 2436 universis
863 2383 1075 2450 imperii
1113 2401 1176 2437 ac
1213 2385 1364 2453 regni
1409 2385 1761 2454 principibus;
1808 2384 2088 2455 fidelisque
2132 2404 2258 2455 pro-

363 2454 549 2507 missio
597 2453 749 2507 ducis
796 2456 1115 2524 completur,
1163 2455 1292 2508 data
1338 2457 1566 2522 cunctiS‚
1616 2458 1710 2526 qui
1755 2457 1824 2510 ad
1869 2475 2090 2527 regnum
2134 2476 2254 2526 per-

362 2526 623 2591 tinebant,
657 2527 832 2595 gratia
865 2528 948 2580 sui
979 2526 1320 2596 abeundique
1349 2528 1583 2582 licentia.
1660 2529 1827 2582 Stella
1858 2547 1891 2582 a
1921 2530 2034 2583 Deo
2066 2530 2255 2597 prede-

363 2597 551 2650 stinati
594 2598 820 2651 rectoris
866 2597 1046 2651 media
1084 2598 1170 2651 die
1209 2599 1550 2653 cernentibus
1596 2600 1859 2654 universis
1908 2601 2055 2654 clara
2091 2601 2257 2655 reful—

364 2668 484 2723 sit7.
561 2669 649 2721 Fit
693 2688 831 2723 unus
871 2670 1129 2723 laicorum
1169 2677 1331 2739 atque
1370 2671 1714 2725 *clericorum
1754 2672 1811 2724 in
1850 2672 2051 2726 Christi
2095 2673 2255 2726 laude
2281 2687 2435 2730 *io-‘1²0

362 2745 652 2794 concentus
702 2758 764 2794 ac
808 2742 957 2810 prius
995 2744 1408 2810 repugnantium
1449 2745 1674 2814 supplex
1705 2743 1946 2809 affectuS,
1986 2746 2254 2799 convenit-

362 2829 464 2880 que
503 2813 558 2864 in
589 2831 752 2865 unum
793 2813 1010 2866 dissona
1040 2813 1201 2867 turba
1239 2814 1548 2868 dominium.
1627 2817 1739 2868 Rex
1771 2816 1830 2868 af
1857 2817 2053 2869 suimet
2083 2821 2255 2870 matre

361 2885 588 2952 aviaque
648 2884 930 2953 diligenter
990 2895 1294 2953 succeptus,
1357 2886 1611 2940 Hoiconis
1671 2888 1981 2955 magisterio
2042 2889 2252 2942 comitis

361 2957 658 3009 conmissus
705 2963 802 3011 est.
882 2957 1029 3009 Inter
1067 2974 1247 3026 regem
1285 2963 1342 3010 et
1386 2958 1574 3011 ducem
1618 2977 1725 3028 pax
1769 2959 2037 3024 firmatur,
2083 2977 2254 3028 usque

361 3026 433 3080 ad
473 3033 938 3095 supramemorata
979 3029 1258 3083 Bisinstidi
1293 3034 1468 3098 prata,
1509 3031 1751 3099 utrisque
1791 3048 1890 3084 sua
1926 3030 2250 3099 petentibus

359 3098 808 3152 Convenientibus
861 3105 1043 3153 autem
1094 3100 1178 3154 his
1231 3102 1492 3154 malorum
1549 3102 1806 3155 instinctu
1852 3102 1907 3155 in
1954 3103 2097 3156 malo
2144 3103 2252 3156 dis-

358 3211 394 3255 a)
423 3214 460 3245 id
483 3215 526 3254 B,
551 3224 640 3248 corr.
660 3216 700 3247 Τ.
811 3213 851 3255 b)
881 3224 1016 3247 eranum
1039 3217 1087 3248 eet
1110 3217 1143 3247 1.
1255 3214 1289 3256 c)
1322 3216 1481 3248 uuimari
1503 3216 1542 3249 V.
1643 3215 1684 3256 d)
1705 3217 1908 3256 reundique
1930 3219 1962 3250 1.
2061 3217 2098 3256 e)
2121 3218 2172 3250 ita
2204 3219 2249 3258 V,-

358 3257 507 3296 pposito
531 3257 575 3289 B.
665 3258 695 3299 f)
717 3258 763 3289 ab
784 3282 792 3291 .
813 3283 820 3290 .
840 3282 849 3291 .
869 3283 877 3292 .
895 3258 1028 3290 suimet
1052 3266 1098 3292 ex
1120 3262 1235 3291 matre
1258 3260 1302 3291 B.

360 3331 402 3382 1)
444 3329 772 3375 Willehelmum
809 3331 881 3374 II.
921 3330 968 3383 (†
1002 3331 1173 3384 1003);·
1199 3329 1256 3386 cf.
1289 3331 1678 3386 Knochenhauer,
1719 3330 1895 3377 ‘Ges-ch.
1930 3333 2248 3390 Thizrinyens'.

358 3387 401 3439 2)
449 3388 659 3433 Weimar.
776 3387 820 3440 3)
852 3389 1034 3444 Eythra
1066 3402 1207 3445 prope
1237 3389 1481 3433 Zwenkau.
1607 3390 1652 3443 4)
1694 3390 1908 3434 Walbeek
1938 3391 2158 3445 oppidum
2187 3391 2250 3435 ad

359 3444 560 3488 Alleram
583 3458 729 3500 prope
763 3445 1026 3489 Helmstedt.
1143 3445 1187 3501 5)
1219 3447 1396 3490 Frohse
1426 3446 1642 3502 oppidum
1674 3447 1738 3491 ad
1768 3448 1919 3491 Albim
1943 3449 2088 3503 paulo
2118 3446 2249 3502 infra

358 3500 651 3546 Schonebeek.
781 3502 825 3556 6)
870 3503 1082 3548 Heinrici
1121 3504 1252 3548 ducis
1291 3505 1527 3548 Bavariae
1568 3518 1701 3559 umor,
1735 3504 1845 3559 filia
1887 3504 2090 3549 Conradi
2126 3505 2248 3560 reyis

357 3558 674 3613 Buryundiae,
705 3560 785 3615 qui
814 3565 911 3604 erat
928 3561 1086 3613 frater
1111 3561 1388 3606 Adelheidae
1418 3562 1737 3615 imperatricis.
1791 3561 1922 3606 URS.
2042 3562 2086 3613 7)
2119 3563 2247 3607 Idem

356 3613 562 3669 referunt
594 3619 715 3660 Arm.
750 3617 906 3668 Quedl.
937 3631 979 3661 a.
1003 3618 1107 3670 9843
1140 3619 1198 3674 cf.
1230 3624 1380 3663 tamen
1412 3617 1583 3663 ‘Neues
1614 3619 1798 3664 Archiv'
1834 3619 1963 3662 XIV
1988 3619 2016 3662 l.
2048 3632 2085 3663 c.
