2456 4036
602 283 939 327 THIETMARI
969 283 1186 328 CHRON.
1246 285 1360 329 LIB.
1389 285 1503 328 VIII
1536 285 1672 338 (VII).
1991 288 2073 331 197

338 409 386 461 6.
448 407 649 459 Eodem
689 408 773 459 die
812 407 946 480 [nos]
985 410 1053 461 ad
1091 411 1414 477 presentiam
1456 412 1656 462 cesaris
1694 412 1880 475 vocati,
1903 411 2073 478 ‘quali
2105 416 2216 458 1014

194 478 593 545 presumptione
625 495 779 530 suum
797 479 815 513 l
841 497 1002 546 nepos
1027 498 1176 532 meus
1200 482 1544 549 interruperit
1567 486 1760 544 votum,
1795 482 1863 534 ab
1889 482 2072 534 eodem
2098 470 2190 501 Νῦν·
2210 471 2261 501 1⁰·

182 547 357 617 ⁵fiebili
387 548 770 600 lamentatione
800 551 1149 617 percepimus
1211 550 1452 618 Namque
1485 569 1603 603 cum
1634 552 1778 603 Brun
1814 571 1846 604 a
1877 553 2072 604 Milone

194 618 409 669 inimico
449 618 562 669 eius
599 619 653 669 in
694 618 848 670 domo
886 622 1120 687 propria,
1159 621 1253 672 ubi
1289 622 1534 674 omnibus
1566 628 1646 674 est
1674 641 1778 690 pax
1808 623 2070 683 habenda,

193 687 561 741 occideret-ur2
597 689 758 756 idque
785 688 853 741 ab
885 691 1131 742 omnibus
1161 692 1425 759 indigenis
1448 694 1741 761 inperatori
1774 694 2073 761 lugubriter

193 759 550 822 intimaretur,
597 759 826 811 multum
864 767 1097 827 rogatus,
1143 768 1202 812 ut
1240 780 1456 815 suorum
1495 781 1638 815 more
1677 769 2072 817 antecessorum

191 838 302 882 tam
347 830 623 882 sceleratis
670 830 972 883 hominibus
1016 832 1263 899 predium
1308 850 1427 884 cum
1480 835 1715 887 incolatu
1766 835 2072 903 prohiberet

192 901 352 968 idque
391 901 739 953 sacramentis
776 899 990 953 firmare
1033 920 1096 954 ex
1135 912 1264 954 suaa
1308 909 1462 969 parte
1505 905 1806 970 iussisset3,
1854 907 2070 959 elevatis

191 971 437 1023 manibus
488 972 840 1039 omnipotenti
893 973 1006 1024 Deo
1059 978 1113 1025 et
1165 974 1369 1029 cunctis
1413 977 1753 1042 presentibus
1813 977 1946 1029 illud
1998 995 2069 1040 se,

190 1042 449 1110 quamdiu
500 1043 716 1106 viveret,
769 1043 1152 1111 impleturum4
1202 1045 1463 1112 promisit.
1559 1046 1629 1098 Et
1688 1048 1814 1114 quia
1874 1049 2070 1100 scimus

189 1113 356 1165 multo
410 1113 586 1165 sacius
639 1130 779 1176 esse,
841 1114 1036 1166 bonum
1093 1132 1199 1166 non
1253 1131 1440 1167 vovere
1495 1117 1604 1169 Deo
1667 1135 1826 1185 quam
1884 1124 2072 1187 postea

189 1184 481 1246 declinare,
532 1184 824 1250 rogitemus
871 1202 1013 1248 eum,
1065 1186 1151 1236 cui
1196 1185 1329 1237 haec
1374 1185 1524 1238 dedit
1567 1190 1851 1255 promissa,
1899 1189 2070 1241 sicubi

189 1272 252 1308 ea
282 1254 635 1307 humanitatis
666 1256 841 1322 gratia
869 1274 963 1308 seu
991 1256 1130 1308 malo
1161 1256 1206 1308 is
1231 1256 1450 1323 fregerit
1473 1263 1670 1322 ortatu,
1703 1259 2070 1312 emendatione

189 1325 454 1393 condigna
485 1326 781 1393 resipiscat.
843 1327 970 1379 Post
999 1328 1386 1392 inperatoriam
1418 1328 1852 1382 lamentationem
1885 1331 2070 1399 optimi

189 1396 386 1464 quique
432 1396 624 1449 dedere
669 1398 972 1462 consilium,
1030 1404 1091 1449 ut
1149 1397 1544 1466 comprehensis
1589 1401 1833 1452 omnibus
1878 1402 2072 1454 suimet

187 1467 341 1520 bonis
393 1467 587 1519 domna
632 1475 972 1522 revocaretur
1025 1478 1078 1521 et
1123 1468 1281 1520 huius
1326 1470 1405 1521 rei
1457 1471 1735 1522 auctoresb
1788 1478 1882 1525 aut
1927 1473 2069 1540 capti

186 1543 650 1608 presentarentur⁰
679 1544 774 1591 aut
805 1540 1067 1607 fugientes
1102 1557 1272 1607 usque
1302 1539 1372 1592 ad
1395 1546 1618 1592 mortem
1645 1544 2067 1610 persecutionem

186 1614 519 1679 paterentur3
563 1611 676 1678 ipse
714 1615 895 1663 autem
934 1628 1107 1663 comes
1147 1616 1399 1678 superata
1437 1610 1766 1677 infirmitate,
1807 1615 1852 1666 si
1891 1615 2068 1682 culpa-

189 1682 311 1733 bilis
365 1679 723 1745 efficereturd,
780 1683 957 1751 capite
1008 1682 1330 1750 privaretur:
1386 1683 1431 1734 si
1485 1689 1663 1735 autem
1716 1685 1844 1736 haec
1891 1687 2069 1736 omnia

127 1770 160 1801 5.
186 1770 305 1805 cnm
330 1769 591 1805 consensu
619 1760 894 1805 matronae
919 1758 1043 1805 acta
1066 1753 1309 1818 fuissent,
1337 1752 1566 1821 *optime
1594 1761 1837 1807 uteretur
1858 1774 2066 1822 sponsa.

187 1825 381 1876 Frater
413 1841 560 1876 meus
593 1841 766 1876 comes
791 1824 1077 1877 Heinricus
1109 1824 1242 1876 haec
1272 1824 1341 1876 ad
1373 1825 1642 1892 implenda
1674 1827 1797 1878 ilico
1824 1827 2069 1890 mittitur,

186 1906 239 1947 et
275 1902 336 1948 ut
381 1895 451 1947 ad
489 1895 686 1947 Alstidi
731 1896 801 1948 ad
844 1895 1116 1964 publicum
1157 1896 1398 1948 venirent
1442 1897 1790 1965 colloquium,
1839 1897 2067 1952 iubetur.

185 1967 284 2019 Illo
320 1971 448 2018 tunc
484 1965 851 2034 proficiscente
889 1968 1116 2035 predicti
1155 1968 1374 2020 comites
1417 1967 1747 2020 advenerunt
1784 1973 1838 2020 et
1877 1970 2063 2033 cesari,

186 2055 323 2105 quae
361 2037 507 2091 facta
546 2043 684 2102 sunt,
725 2040 1125 2094 nuntiaverunt.

330 2141 376 2191 7.
445 2137 666 2190 Postera
718 2138 826 2202 die,
880 2139 935 2190 id
989 2145 1071 2191 est
1122 2140 1177 2191 in
1232 2139 1402 2192 sancti
1456 2139 1746 2192 festivitate
1800 2139 2068 2204 Martini5,
2095 2157 2259 2192 Nov.11.

185 2207 558 2273 WirinhariuS,
576 2210 807 2277 pacienti
824 2211 1002 2262 animo
1016 2210 1239 2262 adversa
1253 2228 1494 2279 quaeque
1513 2211 1780 2263 sustinens
1793 2210 2068 2275 hactenUS,

185 2280 497 2348 exspiravit,
551 2281 756 2332 nullum
803 2281 1049 2334 hostibus
1093 2282 1323 2345 lucrum,
1379 2283 1490 2334 suis
1540 2287 1715 2334 autem
1767 2281 2070 2334 invincibile

185 2350 473 2418 dampnum
530 2351 851 2419 relinquens,
946 2352 1026 2405 Ob
1075 2353 1173 2406 hoc
1221 2370 1316 2405 rex
1361 2354 1604 2405 tristatur
1660 2359 1711 2404 et
1756 2352 2070 2404 Thiedricus

184 2422 351 2474 hostis
383 2421 533 2474 eius6
562 2423 891 2476 lacrimatur.
955 2423 1069 2476 Hoc
1101 2442 1199 2491 ego
1231 2425 1562 2491 comperiens
1586 2423 1868 2475 Thiedrico
1892 2424 2067 2490 nepoti

184 2493 339 2544 meo⁷
388 2493 622 2545 abeundi
669 2494 941 2546 licentiam
979 2496 1110 2562 petii
1155 2501 1210 2547 et
1255 2511 1446 2562 corpus
1485 2495 1644 2546 amici
1681 2512 1776 2562 per
1815 2495 2070 2546 satellites

186 2581 330 2616 meos
381 2563 446 2615 de
494 2565 819 2628 Miminlevo,
874 2565 966 2617 ubi
1013 2571 1140 2617 tunc
1186 2565 1412 2618 abbacia
1458 2566 1636 2617 fuerat
1685 2571 1738 2616 et
1782 2565 2069 2616 Reinoldus

185 2634 422 2686 eiusdem
447 2637 689 2701 provisor
714 2637 956 2703 egregius
981 2636 1160 2688 debita
1187 2637 1282 2689 hoc
1306 2643 1692 2702 procuraverat
1721 2636 2069 2700 humanitate,

153 2706 256 2757 .ad
290 2705 582 2774 Helpithiss,
622 2706 715 2758 ubi
753 2707 851 2758 hoc
892 2708 1253 2774 expectabam,
1294 2707 1526 2762 ’‘i-eduxi.
1601 2707 1703 2760 Sed
1744 2706 1929 2759 eodem
1962 2707 2069 2758 iam

185 2781 312 2828 tunc
362 2778 522 2829 nimis
582 2778 802 2842 fetente,
864 2779 1065 2830 exsolvi
1128 2780 1369 2846 protinus
1429 2780 1637 2831 viscera
1696 2779 1830 2830 iussi
1891 2779 2070 2829 iuxtae

184 2904 219 2988 ag
255 2913 361 2979 extbal
371 2906 424 2979 B2⁷7
452 2914 469 2936 s
492 2905 578 2937 add.
600 2906 639 2937 T.
728 2907 764 2946 b>
799 2915 817 2937 c
839 2906 925 2944 add,
946 2908 986 2939 T.
1076 2906 1109 2948 c)
1143 2907 1375 2947 psentaretur
1397 2908 1442 2946 Β,
1464 2916 1487 2937 n
1511 2906 1596 2939 add.
1617 2908 1658 2938 T.
1746 2906 1781 2947 d)
1814 2905 2012 2938 efficiretur
2036 2908 2067 2937 1.

184 2956 202 2979 e
242 2957 265 2978 x
287 2957 309 2978 a
337 2957 372 2979 c.
424 2970 433 2979 .

187 3047 228 3100 1)
271 3047 376 3091 Scit.
407 3048 707 3102 imperatoris.
833 3051 877 3099 2)
920 3050 1139 3094 Fortasse
1179 3050 1251 3093 hie
1292 3050 1425 3092 Brun
1471 3063 1612 3093 eomes
1652 3049 1726 3091 ille
1766 3048 1856 3101 fuit
1892 3049 2068 3091 Bruns-

184 3105 391 3157 vicensis,
425 3104 607 3158 primus
639 3104 819 3150 Giselae
848 3107 1152 3161 imperatricis
1183 3107 1390 3158 maritus,
1430 3120 1562 3162 quem
1591 3107 1714 3150 eirea
1746 3120 1788 3148 a.
1815 3106 1924 3149 1006
1955 3118 2070 3146 mor-

183 3165 311 3203 tuum
336 3173 429 3204 esse
451 3162 640 3205 Eeeard
667 3161 830 3213 (Uist.
855 3164 1062 3220 yeneal.')
1084 3164 1297 3218 probavit
1325 3164 1385 3214 (v.
1410 3162 1606 3206 ‘Jahrb’
1632 3164 1674 3215 Ι,
1698 3164 1887 3206 Eoecurs
1912 3161 1962 3215 V,
1987 3162 2041 3212 0)
2054 3177 2067 3214 ,-

186 3218 400 3261 Milonem
442 3223 590 3262 autem
623 3232 844 3273 proavum
885 3221 1075 3263 Milonis
1113 3221 1286 3264 comitis
1323 3220 1782 3275 Nordthurz'nyiensis
1818 3224 1861 3262 et
1892 3222 2070 3272 patrem

185 3274 451 3318 Theoderici
487 3280 529 3318 et
565 3276 762 3330 Hanulfi
804 3278 858 3321 de
888 3278 1235 3330 Ammenesleve,
1278 3277 1332 3320 de
1369 3277 1533 3332 quibus
1565 3278 1685 3320 Anu.
1717 3276 1844 3319 Saoeo
1883 3290 1924 3319 α.
1958 3275 2077 3319 1040

183 3330 333 3382 refert,
363 3330 507 3383 fuisse
537 3334 801 3388 suspicatus
833 3335 929 3378 sim.
1047 3334 1091 3387 3)
1124 3334 1404 3378 Accu-ratius
1434 3339 1584 3377 noster
1613 3334 1825 3377 dixisset:
1866 3334 1912 3375 et
1940 3333 1992 3375 ut
2022 3330 2069 3374 id

186 3420 195 3430 .
221 3421 230 3431 .
257 3421 266 3431 .
290 3387 477 3432 iuberet.
561 3389 605 3443 4)
629 3392 724 3434 Le.
746 3404 921 3445 semper
945 3404 991 3434 se
1013 3392 1183 3434 scelera
1207 3391 1427 3434 eiusmodi
1442 3391 1723 3445 puniturmn.
1811 3388 1855 3441 5)
1888 3389 2068 3432 Nem-ol.

185 3445 378 3488 Merseb.
466 3445 510 3497 6)
542 3447 696 3490 Filius
718 3448 842 3491 Dedi
863 3448 1037 3491 comitis
1061 3462 1102 3491 a.
1127 3448 1236 3492 1009
1261 3462 1291 3490 a
1322 3448 1565 3493 Wernhero
1595 3447 1744 3490 occisi.
1842 3446 1886 3497 7)
1928 3445 2069 3501 Reyz‘s

185 3501 417 3555 capellano
447 3505 506 3552 (v.
535 3504 648 3556 VII,
679 3506 770 3558 21),
808 3517 935 3559 quem
976 3504 1213 3548 Wernheri
1231 3504 1432 3559 fratrem
1464 3509 1505 3547 et
1534 3504 1767 3547 Liutharii
1793 3503 2070 3546 marchionis

184 3558 327 3610 filium
348 3559 497 3611 fuisse
513 3560 695 3611 Hirseh‚
714 3559 912 3605 ‘Jahrb.'
930 3562 973 3615 I,
990 3562 1088 3612 330,
1113 3575 1169 3604 ex
1184 3562 1375 3605 hocloco
1393 3566 1552 3615 aryute
1578 3561 1764 3615 colleqit.
1838 3559 1882 3613 8)
1910 3558 2070 3611 Helfta

185 3616 328 3658 vicum
355 3628 499 3672 prope
530 3618 740 3661 Eisleben
770 3619 918 3662 situm.
