2456 4036
743 159 1077 204 THIETMARI
1106 158 1320 205 CHRON.
1379 160 1492 206 LlB.
1522 160 1577 206 V.
2010 167 2091 210 129

231 285 387 339 nibus
436 285 725 343 celebravit
772 287 996 354 gaudiis,
1092 287 1221 340 Inde
1267 287 1538 356 profectus
1590 288 1659 340 ad
1705 287 1890 341 silvam
1931 289 2090 357 Speh-
2123 301 2244 345 1003.

232 356 442 410 teshart
483 358 877 422 nuncupataml
910 358 1143 410 laborem
1183 359 1535 428 expeditionis
1569 358 1808 411 delinivit
1831 362 2091 413 suavitate

230 427 541 481 venationis.
640 426 951 495 *Completa
1002 428 1198 481 ibidem
1266 430 1561 483 autumnali
1611 430 1938 483 iocunditate
2001 448 2094 498 per

231 499 510 552 Franciam
551 498 766 550 transiit
801 498 871 550 ad
902 498 1203 563 Saxoniam,
1242 501 1482 553 indicens
1518 500 1623 553 hiis
1655 502 1896 568 proxima
1928 502 2093 554 hieme

232 587 384 624 suam
428 568 497 621 ad
548 568 781 620 Milzieni
826 570 1228 637 expeditionem.
1316 572 1441 623 Post
1486 572 1617 624 haec
1660 572 1836 625 natale
1880 572 2092 624 Domini
2119 588 2208 620 nec.
2224 588 2277 620 25.

230 640 286 693 in
315 639 544 692 Palithia
581 656 725 691 more
762 640 997 707 priorum
1037 641 1288 694 divinitus
1326 659 1388 694 ac
1425 643 1730 696 humanitus
1755 643 2093 695 honorandob

231 711 451 780 peregit.

372 782 456 834 39.
508 779 641 850 (24.)
714 780 915 832 Deinde
977 780 1044 833 ad
1093 781 1451 850 Thornburg2
1508 785 1719 836 veniens
1777 784 2092 852 Willigisum
2127 797 2249 840 1004.

230 851 647 920 archipresulem
681 868 798 903 cum
829 853 1057 904 caeteris
1094 852 1450 906 familiaribus
1486 855 1554 906 ad
1586 855 1919 908 Grisillerumc
1948 856 2094 908 misit
2115 872 2243 912 Tugia.
2269 872 2345 904 chr.

231 921 725 991 archiepiscopum3
782 926 908 974 tunc
953 923 1110 974 nimis
1161 923 1449 989 infirmum,
1513 930 1573 977 ut
1622 943 1822 978 memor
1865 927 2094 991 Domini,

230 995 519 1064 quicquidd
556 994 611 1045 in
656 993 926 1045 destructo
964 993 1407 1060 Merseburgiensi
1453 996 1793 1062 episcopatue
1838 997 2094 1050 hactenus

231 1066 490 1134 deliquid,
552 1065 694 1117 hunc
739 1064 1056 1117 resumendo
1104 1065 1463 1133 iniustamque
1523 1066 1697 1118 sedem
1750 1068 2095 1136 relinquendo

230 1138 285 1189 in
322 1137 524 1190 ultimis
563 1135 750 1188 saltem
790 1135 1070 1187 emendare
1107 1136 1376 1188 voluisset.
1451 1136 1641 1189 Huncss
1678 1139 1849 1206 primo
1879 1144 2096 1207 propter

229 1207 662 1271 Herimannumf,
709 1223 866 1274 quem
911 1206 1015 1258 sibi
1052 1205 1191 1258 idem
1229 1224 1435 1274 semper
1471 1209 1526 1259 in
1563 1225 1723 1276 regno
1769 1227 2095 1278 summopere

230 1284 453 1333 conatur
489 1294 797 1347 preponere,
844 1276 1006 1330 odivit
1043 1284 1332 1345 posteaque
1374 1277 1500 1330 data
1538 1279 1661 1331 huic
1699 1281 1890 1332 suimet
1925 1282 2097 1348 gratia

229 1351 368 1404 inter
416 1349 867 1403 familiarissimos
918 1349 1130 1418 habuit3
1191 1350 1588 1416 commissisque
1641 1352 1690 1403 ei
1742 1351 1983 1404 omnibus
2041 1353 2095 1404 in

232 1422 466 1475 Saxonia
503 1421 697 1473 suimet
731 1419 1149 1489 proprietatibus
1188 1419 1394 1472 fidelem
1443 1421 1498 1472 in
1536 1421 1640 1474 hiis
1678 1424 1939 1490 persensit
1975 1439 2095 1489 pro-

228 1494 479 1557 visorem,
533 1491 723 1556 multa,
777 1508 913 1560 quae
965 1498 1092 1544 tunc
1145 1508 1272 1544 suae
1324 1491 1631 1544 arridebant
1674 1494 1952 1558 voluntati,
2005 1512 2097 1562 per

231 1564 456 1635 eundem
502 1563 782 1632 complens.
865 1561 1101 1616 Tandem
1147 1563 1319 1614 zelum
1363 1563 1462 1614 Dei
1508 1564 1766 1631 ampliusg
1810 1562 1947 1617 ferre
1992 1582 2096 1617 non

230 1636 412 1690 valens
471 1634 706 1703 perfecto
760 1634 902 1686 hunc
957 1639 1269 1701 persecutus
1324 1633 1446 1686 odio
1506 1634 1623 1698 hos,
1685 1636 1821 1687 sicut
1874 1636 2095 1704 predixi.

230 1708 445 1760 nuntios
489 1707 649 1759 misit.
736 1703 940 1766 Quibus
983 1706 1070 1758 vix
1113 1705 1311 1758 talibus
1355 1705 1650 1773 respondit:
1704 1707 1924 1759 ‘Dentur
1967 1706 2098 1758 mihi

228 1779 393 1832 trium
438 1778 519 1831 vel
571 1782 802 1844 quatuor
853 1776 1099 1829 induciae
1163 1776 1368 1828 dierum
1427 1782 1479 1828 et
1535 1776 1666 1828 mihi
1716 1777 1875 1830 liceat
1926 1777 2095 1840 abire3

232 1850 425 1918 quibus
466 1849 753 1902 transactis
804 1847 977 1901 *certa
1020 1847 1168 1900 vobis
1212 1847 1474 1900 referam!
1559 1848 1672 1900 Hoc
1727 1848 1869 1916 apud
1922 1866 2097 1916 regem

228 1922 504 1990 inpetrans
542 1926 595 1973 et
630 1921 686 1974 in
725 1937 907 1985 curru,
957 1924 1016 1971 ut
1053 1919 1145 1971 diu
1181 1924 1307 1971 tunc
1346 1919 1573 1983 solebat,
1625 1919 1805 1972 exiens
1845 1919 1913 1971 ad
1951 1919 2097 1971 Thri-

230 1993 388 2045 burih
440 1997 642 2045 curtem
699 1989 885 2044 suam4
937 1992 1080 2043 venit
1144 1990 1321 2058 ibique
1379 1989 1514 2043 duos
1572 1997 1930 2043 commoratus
1989 1991 2100 2043 dies

231 2063 382 2119 VIII.
407 2063 522 2116 Kal.
549 2062 740 2116 Febr.5
778 2063 1026 2129 migravit
1063 2060 1131 2114 ab
1167 2062 1269 2114 hoc
1307 2061 1499 2116 secu10.
2120 2075 2198 2106 Ian.
2215 2075 2267 2106 25.

373 2135 457 2189 40.
535 2136 650 2199 Quo
703 2133 890 2186 audito
947 2151 1042 2186 rex
1101 2149 1295 2199 corpus
1346 2132 1755 2185 archiantistitis
1812 2132 2098 2201 precedens
2123 2146 2247 2185 Tagin·
2273 2146 2348 2177 chr·

232 2223 402 2273 usque
451 2206 521 2259 ad
566 2204 968 2273 Magadaburch
1015 2203 1382 2272 subsequitur,
1431 2202 1780 2270 premittens⁶
1825 2203 1884 2256 eo
1930 2204 2100 2271 capel-

231 2278 411 2331 lanum
458 2278 652 2330 suimet
689 2276 1044 2344 Wigbertum,
1097 2281 1157 2328 ut
1203 2275 1267 2327 de
1313 2275 1569 2328 electione
1615 2275 1921 2343 Taginonisi
1973 2293 2100 2327 una-

232 2349 429 2402 nimem
473 2348 805 2402 confratrum
856 2347 1184 2400 voluntatem
1229 2347 1538 2415 inpetraret.
1643 2345 1735 2398 Set
1799 2347 2100 2414 prepositus

234 2419 472 2474 eiusdem
517 2420 771 2484 civitatis»,
819 2418 1160 2471 Waltherdus
1204 2418 1436 2482 nomine,
1490 2417 1794 2470 convocatis
1838 2418 1894 2469 in
1938 2435 2100 2469 unum

328 2550 372 2604 ²¹³)
405 2549 783 2604 archiepiscopum
815 2546 1038 2592 Gislerum
1068 2560 1142 2590 rex
1172 2547 1279 2591 add.
1303 2549 1346 2591 2.

236 2655 272 2695 a)
293 2655 422 2696 polithi
443 2655 601 2687 radendo
624 2657 698 2694 αἶρε
721 2664 810 2686 corr.
829 2655 859 2687 1.
949 2653 986 2694 b)
1007 2653 1214 2685 honorando
1237 2654 1270 2685 1.
1294 2654 1332 2684 ut
1353 2653 1422 2683 iam
1443 2661 1566 2692 supra.
1653 2651 1687 2691 c)
1710 2653 1852 2683 alterum
1878 2651 1891 2683 1
1913 2661 2046 2683 erasum
2076 2653 2106 2683 1.

236 2697 273 2740 d)
295 2697 438 2739 qicquid
461 2700 494 2731 1.
583 2697 617 2739 e)
640 2698 851 2737 episcapatu
877 2699 908 2728 1.
997 2695 1027 2738 f)
1050 2696 1062 2727 1
1085 2705 1218 2728 erasum
1242 2697 1273 2727 1.
1361 2694 1398 2735 g)
1420 2695 1582 2727 Tandem
1604 2702 1690 2726 vero
1715 2694 1792 2726 zelo
1815 2694 1885 2725 Dei
1907 2694 2100 2725 instinctus

235 2742 450 2774 iniustitiam
474 2743 610 2773 tantam
632 2741 789 2780 amplius
813 2742 846 2781 2,
870 2740 913 2771 A.
932 2740 968 2772 S.
1057 2738 1096 2778 h)
1118 2740 1143 2771 h
1166 2738 1251 2770 add.
1271 2739 1312 2769 Τ.
1405 2738 1432 2776 1)
1456 2739 1504 2768 ita
1527 2739 1595 2769 iam
1618 2737 1659 2776 A,
1682 2738 1743 2768 sed
1759 2739 1879 2777 postea
1901 2738 2027 2776 aliquis
2050 2738 2102 2768 in-

227 2785 392 2825 feriorem
408 2787 546 2825 partem
570 2785 702 2815 litterae
724 2793 748 2824 g
773 2785 804 2815 et
826 2785 930 2814 totam
954 2791 977 2812 n
1001 2784 1117 2822 erasit,
1140 2790 1226 2821 quae
1251 2781 1279 2812 V
1296 2781 1462 2820 restitum
1486 2782 1561 2812 item
1574 2781 1653 2820 fere
1670 2780 1737 2819 sol.
1754 2781 1810 2821 97,
1833 2779 1899 2821 97’,
1924 2781 1983 2812 98.

238 2877 281 2930 1)
323 2877 545 2932 Spessart.
671 2876 715 2928 2)
757 2876 1003 2930 Dornburq
1034 2875 1096 2919 ad
1124 2874 1305 2926 Salam‚·
1352 2873 1404 2917 de
1435 2874 1543 2916 villa
1574 2872 1819 2926 Dornbury
1860 2872 1921 2916 ad
1950 2871 2100 2915 Albim

238 2935 327 2979 sita
356 2936 428 2978 hie
457 2933 646 2988 coqitari
671 2946 762 2977 non
787 2938 953 2988 potest,
999 2932 1209 2988 quoniam
1242 2930 1506 2984 Thornburq
1542 2943 1631 2972 non
1668 2930 1794 2983 lonae
1832 2943 1861 2972 ιι
1892 2928 2107 2972 Thriburz’

238 2992 356 3035 curti
383 2991 588 3044 abfuisse
618 3004 670 3033 em
708 2991 782 3042 eis,
822 3003 935 3045 quae
966 2995 1224 3045 sequuntur,
1258 2988 1542 3043 perspicitur.
1670 2985 1713 3038 3)
1753 2986 1890 3029 Illum
1922 2990 2027 3028 tune
2055 2987 2100 3028 z‘n

237 3050 341 3103 ipsa
363 3049 474 3092 urbe
498 3048 764 3103 Thornbury
785 3046 935 3101 fuisse
963 3059 1139 3090 neeesse
1170 3051 1234 3089 est
1264 3057 1522 3089 censeamus
1531 3059 1546 3096 ;
1577 3056 1690 3098 quae
1713 3043 1829 3085 inter
1851 3042 2102 3085 commissas

241 3105 280 3148 ei
309 3106 428 3159 reqis
457 3105 504 3148 in
535 3103 723 3147 Saxonia
752 3104 1046 3158 proprietates
1085 3103 1262 3146 videtur
1278 3102 1446 3155 fuisse.
1574 3102 1617 3150 4)
1650 3098 1754 3142 Sine
1785 3099 1918 3142 dubio
1948 3099 2101 3142 villam-

237 3163 362 3206 illam
399 3162 519 3205 intra
565 3160 856 3216 Thuringiam
903 3160 1077 3204 nomine
1121 3159 1304 3202 Driburi
1348 3158 1394 3201 in
1440 3158 1653 3201 comitatu
1698 3154 1943 3199 Ekkihardi
1990 3169 2102 3199 mar-

241 3218 408 3262 chionis
438 3220 586 3271 sitam,
611 3232 745 3272 quam
770 3218 872 3261 Otto
894 3218 994 3261 III.
1020 3218 1131 3261 1000
1154 3217 1256 3260 Ian.
1278 3216 1330 3259 17
1353 3213 1562 3270 (Stumpf
1573 3214 1702 3264 1210)
1720 3213 2107 3268 Maydeburyensi

242 3276 448 3319 ecelesiae
485 3276 742 3319 donaverat.
833 3275 958 3326 Quae
994 3274 1211 3329 siquidem
1251 3285 1394 3327 prope
1434 3270 1682 3324 Dornbury
1722 3271 1924 3322 iacebat,
1976 3270 2101 3313 nulla

240 3333 331 3376 nisi
360 3332 668 3376 Oba-Trebra
697 3333 823 3376 vicus
851 3332 967 3375 inter
995 3331 1165 3385 oppida
1188 3330 1369 3384 Apolda
1399 3333 1438 3372 et
1462 3328 1601 3372 Sulza
1631 3328 1746 3370 situs
1775 3325 1919 3378 fuisse
1944 3331 2103 3381 potest.

241 3390 285 3440 5)
322 3390 461 3433 Hune
488 3389 606 3432 diem
637 3394 785 3432 noster
815 3393 856 3432 et
885 3388 1013 3442 apud
1045 3387 1314 3442 Tayinonem
1345 3390 1385 3429 et
1414 3387 1462 3428 in
1492 3385 1670 3428 Necrol.
1702 3386 1842 3428 Mers.
1873 3389 1914 3428 et
1944 3383 2104 3438 Mayd.

241 3446 434 3546 {necuit-7
447 3501 472 3554 f
510 3445 582 3511 ·6)
615 3447 692 3490 Eas
721 3445 800 3490 hoc
830 3458 1001 3500 quoque
1028 3445 1296 3499 intellegitur
1323 3455 1467 3497 reyem
1498 3442 1672 3485 nonita
1689 3454 1835 3496 prope
1858 3454 1886 3484 a
1913 3440 2104 3497 Μαράθ-

271 3516 356 3559 urg]
386 3517 442 3546 a)
472 3516 600 3546 msse.

1797 3583 1822 3625 9
