2456 4036
365 281 453 325 104
859 275 1194 321 THIETMARI
1223 273 1440 319 CHRON.
1498 273 1613 318 LIB.
1643 274 1757 318 IIII.

361 404 711 474 fragilitatem
757 402 956 456 deflens
1001 400 1235 469 placavit
1281 400 1451 452 Deum
1497 405 1550 452 et
1595 400 1753 454 solvit
1795 417 1965 466 reum3
2023 407 2077 454 et
2119 416 2240 471 pro·

362 477 507 529 tinus
560 493 679 528 cum
739 474 924 526 multis
990 472 1286 541 gratiarum
1345 470 1652 524 accionibus
1712 489 2002 539 exsurgens
2061 472 2241 527 divina

359 551 627 616 potestate
680 562 856 598 coram
906 542 1166 596 fratribus
1214 542 1422 595 cunctis
1470 541 1725 596 defuncto
1782 544 1981 596 crimen
2035 543 2243 597 remisit
2303 599 2306 601 ,

362 623 418 671 et
455 617 664 685 corpori
702 614 963 668 aeclesiae
1002 613 1429 667 communionem
1467 631 1531 666 ac
1568 613 1874 682 sepulturae
1912 613 2099 685 dedit]

504 690 588 742 72.
621 685 755 756 (48.)
818 685 1008 755 [Nunc,
1048 685 1229 748 lector,
1267 684 1467 738 audisti
1498 685 1563 737 de
1596 690 1897 753 contemptu
1934 691 2241 740 sanctorum

361 776 572 828 gravem
610 773 862 825 poenam;
902 756 1061 809 modo
1099 756 1332 823 accipies
1368 756 1434 809 de
1472 772 1654 809 amore
1693 758 1946 810 continuo
1976 757 2242 811 salubrem

360 829 695 883 medicinam.
785 828 916 881 Fuit
961 828 1088 881 olim
1134 827 1233 880 sub
1277 832 1520 896 tempore
1566 827 1915 883 Godescalkia
1967 828 2244 883 *abbatisl
2266 847 2284 867 *

361 901 579 969 quidam
609 899 908 953 monachus
938 899 1151 952 nomine
1175 898 1434 963 AlvricuS,
1466 899 1553 952 cui
1581 900 1638 951 in
1663 900 1836 967 capite
1860 897 1993 971 [suo]
2018 900 2243 954 multum

360 972 543 1026 nocuit
557 972 848 1038 migranea,
874 988 1014 1040 quae
1032 970 1228 1038 duplex
1246 975 1342 1036 est,
1367 975 1463 1023 aut
1477 988 1543 1023 ex
1565 975 1719 1039 gutta
1736 976 1832 1023 aut
1849 988 1914 1024 ex
1927 971 2244 1025 vermibus*

362 1042 465 1097 Sed
491 1060 609 1096 cum
638 1042 866 1096 eundem
891 1045 999 1095 iam
1022 1059 1192 1112 poene
1217 1041 1550 1095 deficientem
1579 1042 1875 1096 confratres
1899 1043 2244 1109 custodirent,

361 1132 490 1168 casu
521 1113 733 1179 accidit,
764 1119 826 1168 ut
857 1114 1199 1183 singulariter
1230 1113 1564 1182 egredientes
1594 1113 1738 1167 hunc
1768 1113 2050 1167 dumtaxat
2072 1114 2246 1168 solum

359 1186 740 1254 relinquerent.
832 1185 979 1238 Tunc
1031 1203 1059 1238 e
1104 1186 1288 1238 cloaca
1333 1185 1530 1254 egressi
1583 1190 1710 1238 sunt
1756 1185 2026 1251 demones,
2080 1186 2245 1239 libros

362 1257 620 1326 speciales
657 1257 714 1310 in
750 1257 999 1311 manibus
1036 1256 1297 1310 habentes
1335 1258 1656 1323 eorumqueb
1694 1257 1924 1310 lectione
1972 1258 2121 1326 gravi
2165 1258 2246 1311 in-

360 1329 574 1382 firmum
627 1327 694 1382 de
747 1329 860 1382 suis
912 1327 1214 1382 actionibus
1274 1329 1546 1397 inscriptis
1605 1329 1659 1381 in
1713 1346 1906 1381 vanum
1965 1334 2244 1383 terrentes,

360 1400 605 1470 Namque
643 1401 860 1453 inclitus
892 1400 1092 1454 Christi
1129 1401 1319 1453 martir
1349 1400 1507 1453 Vitus
1542 1399 1665 1453 ilico
1707 1401 1978 1469 ingressus
2016 1401 2246 1454 eisdemc

360 1474 543 1542 fugam
581 1490 746 1525 manu
783 1472 980 1525 indixit
1017 1477 1070 1525 et
1105 1472 1257 1524 iuxta
1294 1489 1416 1525 eum
1455 1477 1604 1525 stans
1649 1472 1963 1525 consolatur
2011 1487 2132 1525 eum
2177 1477 2244 1536 et,

362 1545 483 1614 quis
514 1549 668 1609 esset,
711 1544 956 1613 protinus
987 1543 1037 1596 ei
1065 1544 1332 1597 intimavit
1369 1560 1432 1596 ac
1471 1542 1599 1596 data
1627 1542 1997 1597 benedictione
2031 1561 2247 1612 surgere

363 1634 483 1669 eum
522 1616 681 1669 iussit
718 1620 771 1668 et
806 1615 939 1668 haec
971 1615 1226 1668 mandata
1256 1615 1497 1683 predicto
1529 1614 1712 1668 abbati
1743 1615 1988 1668 celeriter
2017 1615 2245 1669 deferre:

362 1687 679 1753 *‘Videsis‘¹,
732 1691 793 1739 ut
843 1692 922 1740 tot
973 1687 1391 1740 ammoniciones
1444 1692 1657 1739 nostras
1705 1687 1783 1739 sic
1827 1687 2094 1740 incuriose
2138 1703 2287 1739 non*

362 1760 620 1828 accipiaS,
674 1777 741 1812 ne
787 1758 843 1811 in
887 1763 1161 1828 posterum
1204 1775 1374 1811 vacua
1417 1758 1808 1811 lamentacione
1859 1776 2058 1827 gemas.
2145 1759 2248 1812 Pro

363 1848 489 1885 vero
535 1831 677 1884 enim
723 1848 905 1884 assero
950 1830 1075 1895 tibi,
1130 1831 1177 1883 si
1222 1830 1451 1899 amplius
1496 1829 1810 1883 inobediens
1855 1830 1988 1883 mihi
2032 1830 2162 1894 eriS,
2215 1847 2249 1883 a

364 1903 479 1956 Deo
517 1903 911 1970 contempneris
946 1907 999 1954 et
1034 1900 1154 1974 [te]e
1187 1901 1364 1955 adhuc
1395 1902 1682 1970 superstite
1713 1902 1881 1955 alium
1911 1903 1967 1955 in
1998 1907 2094 1955 tua
2124 1901 2249 1955 sede

365 1975 642 2028 dominum
675 1973 987 2028 videbis.‘**
1053 1973 1216 2039 Haec,
1259 1978 1321 2026 ut
1359 1974 1517 2043 puerf
1548 1980 1768 2027 sanctus
1801 1991 1896 2043 per
1929 1973 2251 2027 monachum

366 2051 698 2115 egrotantem
742 2046 1066 2113 prenotavit,
1120 2045 1289 2099 abbas
1335 2045 1651 2114 neglegensg
1695 2052 1884 2115 postea
1934 2046 2198 2115 persensit
2210 2043 2248 2098 2.

367 2117 499 2171 Inde
537 2118 794 2171 bonorum
835 2117 1048 2171 crebros
1086 2117 1338 2170 hortatus
1375 2116 1648 2169 hominum
1687 2135 1921 2182 servare,
1967 2116 2250 2170 consilium

365 2190 526 2243 nimis
562 2194 645 2243 est
682 2188 918 2258 salubre3
966 2195 1170 2258 quanto
1209 2189 1379 2258 magis
1417 2189 1634 2253 horum,
1682 2189 1773 2258 qui
1817 2189 2011 2242 merito
2057 2189 2251 2242 suimet

364 2262 508 2315 inter
542 2260 682 2314 filios
719 2261 822 2314 Dei
858 2261 1087 2314 feliciter
1124 2260 1433 2330 *conputati
1462 2261 1789 2314 voluntatem
1827 2261 1941 2314 eius
1980 2260 2157 2314 sciunt
2191 2260 2248 2312 in
2269 2257 2331 2298 *s

462 2377 511 2431 ²¹²)
543 2376 789 2432 Sequentia
817 2378 883 2421 ita
913 2376 1088 2420 exhibet
1116 2377 1170 2428 2.,
1204 2390 1301 2420 cum
1334 2390 1421 2432 quo
1455 2376 1507 2420 A.
1534 2375 1580 2419 S.
1613 2391 1655 2420 a.
1679 2377 1760 2421 891
1794 2378 2018 2421 convenit:
2060 2374 2142 2420 Cui
2171 2389 2250 2431 pro

539 2432 734 2478 remedio
766 2435 989 2478 ostensum
1028 2435 1098 2477 est
1127 2447 1154 2477 a
1184 2432 1468 2490 quibusdam,
1507 2435 1560 2477 ut
1589 2433 1728 2477 secari
1757 2434 1802 2477 in
1836 2434 1982 2489 capite
2013 2433 2250 2485 debuisset,

539 2490 659 2548 quod
689 2492 736 2535 et
764 2490 933 2535 factum
964 2492 1044 2542 est,
1075 2490 1152 2534 sed
1175 2490 1228 2534 de
1252 2490 1323 2534 die
1345 2491 1394 2534 in
1416 2489 1535 2534 diem
1560 2490 1684 2535 dolor
1706 2490 1958 2547 augebatur
1985 2492 2034 2535 in
2058 2492 2250 2542 tantum,

538 2551 590 2592 ut
628 2549 719 2592 iam
757 2547 1024 2603 desperaret.
1092 2547 1179 2592 Sed
1218 2571 1270 2578 —
1314 2562 1417 2592 casu
1447 2548 1612 2592 accidit
1650 2550 1700 2592 ut
1731 2549 1899 2604 singuli
1930 2562 1966 2592 e.
1989 2547 2033 2592 h.
2058 2548 2100 2592 d.
2122 2562 2157 2591 s.
2186 2547 2250 2591 ia·

539 2608 712 2649 centem
734 2620 767 2648 r.
814 2605 936 2649 Tunc
957 2619 980 2649 e
1011 2605 1160 2649 cloaca
1181 2605 1297 2649 vidit
1316 2607 1487 2661 septem
1507 2604 1714 2649 demones
1733 2606 1986 2650 teterrimos
2005 2604 2251 2661 procedere.

539 2662 623 2707 Sex
661 2676 811 2707 eorum
850 2663 1018 2719 singuli
1054 2662 1297 2718 portabant
1326 2663 1374 2706 in
1403 2662 1610 2706 manibus
1640 2677 1716 2707 sex
1744 2662 1895 2715 libroS,
1926 2662 1974 2706 id
2004 2664 2072 2707 est
2101 2675 2250 2706 omnes

539 2720 748 2764 XXXVI.
821 2719 1044 2775 Septimus
1074 2734 1177 2764 vero
1207 2720 1422 2764 immense
1452 2719 1778 2776 magnitudinis
1807 2720 2013 2765 volumen
2043 2719 2253 2776 gestabat

541 2780 587 2822 et
616 2776 770 2821 sedens
801 2777 991 2821 lectione
1023 2777 1115 2820 eius
1154 2778 1282 2833 gravi
1319 2775 1545 2821 infirmum
1577 2776 1631 2821 de
1661 2777 1751 2821 suis
1782 2777 2047 2830 actionibus,
2079 2790 2163 2834 que
2194 2775 2250 2821 ab

540 2834 739 2879 infancia
775 2834 847 2878 vel
884 2834 1124 2890 cogitando
1162 2835 1233 2879 vel
1271 2834 1489 2892 loquendo
1529 2835 1602 2879 vel
1638 2834 1857 2890 operando
1893 2848 2031 2891 usque
2065 2835 2113 2879 in
2152 2847 2250 2878 eam

542 2893 699 2936 horam
746 2905 956 2949 umquam
996 2894 1207 2948 gesserat,
1246 2892 1294 2935 in
1334 2905 1494 2935 vanum
1529 2892 1740 2936 terrebat.
1806 2892 2031 2936 Preciosus
2060 2904 2251 2948 namque

540 2949 701 2993 martir
730 2949 876 3001 Vitus,
914 2951 1036 2993 veste
1074 2947 1250 3005 fulgida
1281 2949 1477 3001 indutus,
1514 2949 1643 2993 vultu
1681 2950 1885 3007 angelico
1926 2949 2195 3004 conspicuus,
2227 2962 2250 2992 e

539 3007 708 3062 templo
746 3006 870 3058 celle,
909 3006 957 3050 in
998 3020 1086 3063 qua
1115 3021 1221 3064 eger
1249 3006 1438 3057 iacebat,
1477 3007 1686 3063 contiguo
1723 3006 1960 3063 procedens
1997 3004 2250 3062 ingreditur

541 3067 588 3109 et
616 3063 826 3107 inmunde
856 3063 986 3108 turbe
1016 3063 1171 3120 fugam
1201 3077 1336 3113 manu
1366 3063 1542 3107 indixit.

434 3122 511 3173 **)
546 3122 692 3167 Codex
722 3123 748 3165 2
775 3123 946 3177 pemit:

625 3178 812 3222 Dixerat
841 3179 921 3222 hec
952 3182 1103 3222 astans
1135 3180 1180 3222 et
1209 3192 1309 3222 mox
1339 3177 1560 3233 disparuit
1589 3177 1750 3221 infans.

627 3236 720 3279 Hec
751 3237 902 3280 autem
931 3237 982 3279 ut
1010 3235 1231 3290 preciosus
1254 3235 1429 3287 martir,
1460 3248 1568 3289 puer
1590 3235 1774 3291 inquam
1798 3235 1943 3286 vitus,
1966 3248 2008 3290 p.
2032 3249 2090 3277 111.
2116 3247 2152 3278 6.
2176 3233 2249 3278 de-

542 3293 783 3345 nunciavit,
820 3307 859 3336 a.
884 3307 926 3336 n.
950 3306 993 3347 p.
1015 3306 1058 3347 p.
1127 3291 1244 3336 Nam
1276 3293 1317 3336 ei
1348 3291 1490 3336 adhuc
1519 3292 1688 3336 viventi
1726 3291 1977 3347 suppositus
2015 3293 2082 3335 est
2110 3291 2126 3334 i
2159 3291 2248 3335 sius

541 3352 703 3406 rogatu
732 3349 998 3394 venerabilis
1031 3349 1168 3394 abbas
1199 3349 1331 3402 Bovo,
1362 3349 1431 3393 vir
1461 3349 1582 3393 omni
1611 3348 1742 3393 laude
1774 3349 2074 3406 dignissimus,
2128 3306 2249 3393 {linc

542 3407 685 3463 igitur
713 3407 926 3451 bonorum
956 3419 992 3451 c.
1015 3406 1059 3451 h.
1081 3406 1124 3451 h.
2242 3424 2245 3428 ’

372 3503 409 3546 a)
443 3513 462 3536 c
487 3514 620 3538 erasum
643 3508 677 3538 1.
772 3505 810 3545 b)
847 3515 916 3546 que
939 3515 1074 3538 erasum
1095 3507 1127 3538 1.
1211 3505 1255 3546 ,6)
1287 3505 1433 3537 easdem
1457 3505 1503 3538 D.
1599 3505 1637 3547 d)
1672 3505 1723 3538 sis
1747 3515 1886 3539 erasum
1908 3507 1942 3538 1.
2030 3504 2068 3546 e)
2100 3504 2184 3537 add.
2208 3505 2248 3536 V.

372 3547 404 3587 f)
427 3549 485 3580 vir
509 3549 555 3588 C‚·
580 3558 672 3588 puer
696 3550 736 3582 T.
826 3558 864 3590 g)
886 3550 1078 3590 negligens
1100 3547 1255 3581 radendo
1275 3550 1365 3588 alqs.
1391 3558 1481 3581 corr.

376 3631 418 3685 1)
452 3633 730 3682 Corbeiensis
760 3635 1000 3680 890—900.
1031 3635 1061 3685 †
1083 3636 1179 3680 913.
1287 3633 1329 3687 2)
1361 3635 1614 3690 Depositus
1644 3635 1760 3679 enim
1792 3641 1856 3680 est
1885 3649 1928 3679 a.
1952 3635 2047 3680 900.
