2456 4036
595 220 931 264 THIETMARI
961 218 1177 263 CHRON.
1238 219 1352 262 LIB.
1383 218 1496 263 V111
1528 220 1666 274 (vn).
1982 224 2067 268 205

190 364 295 414 qua
327 346 666 412 oportunitas
697 345 801 397 sibi
832 343 1132 406 accidisset,
1171 345 1330 397 huius
1361 345 1551 397 saltem
1589 345 1824 412 aliquam
1856 353 2062 413 partem
2097 360 2220 403 1015.

187 416 365 469 ledere
416 420 719 483 temptaret.
819 415 1044 480 Insuper
1103 414 1351 467 abbatem
1403 432 1581 480 suum,
1643 415 1780 468 Tuni
1835 419 2268 480 nomine,<sept.1).

190 487 441 539 simulata
477 503 608 553 pace
646 485 714 536 ad
754 502 1026 537 caesarem
1064 485 1225 548 misit,
1268 486 1360 553 qui
1396 487 1641 553 protinus
1681 487 1748 538 ab
1789 505 1849 540 eo
1889 489 2067 555 exple:

187 563 334 609 rator
372 574 485 609 esse
515 556 856 623 cognoscitur
893 560 947 606 et
977 554 1189 618 ibidem,
1231 573 1505 624 quousque
1537 558 1706 609 omnis
1746 575 1879 626 pene
1917 577 2065 611 exer-

187 629 324 680 citus
391 627 548 679 factis
603 626 659 677 in
714 624 1020 691 precedenti
1083 631 1236 677 nocte
1299 627 1554 693 pontibus
1615 628 1862 696 paludem
1919 634 2064 682 tran-

188 697 466 751 scenderet
501 698 877 766 preiacentem,
916 695 1198 748 detinetur.

330 770 414 821 21.
474 769 626 819 Tunc
668 766 780 830 ille,
828 765 1118 817 monachus
1164 765 1375 827 habitu,
1423 768 1515 820 sed
1560 768 1748 822 dolosa
1791 771 1965 837 vulpis
2012 773 2065 822 in

187 846 311 892 actu
342 844 396 891 et
418 839 484 891 ob
509 838 611 890 hoc
632 842 844 890 amatus
876 854 908 887 a
940 835 1169 897 dominO,
1208 836 1394 901 rediit;
1438 844 1489 890 et
1519 839 1811 907 imperator
1835 841 2066 893 Geronia

186 909 587 977 archiepiscopo
653 915 707 960 et
760 907 990 959 Geronib
1043 906 1228 958 inclito
1284 908 1580 961 marchioni
1639 928 1703 964 ac
1754 911 2065 965 Bul-chardo

186 980 455 1049 [palatino]
501 980 686 1032 comiti
730 977 972 1030 residuos
1017 978 1354 1029 committens
1400 980 1740 1046 progreditur
1785 988 1860 1044 et,
1907 989 1967 1035 ut
2010 1001 2065 1035 se

185 1052 341 1105 solito
377 1052 588 1103 cautius
618 1049 1101 1116 circumspicerent,
1141 1053 1365 1100 ortatur.
1442 1050 1569 1102 Post
1597 1051 1696 1103 hoc
1727 1052 1795 1104 ab
1828 1054 2065 1106 hostibus

184 1139 348 1191 prope
395 1122 450 1172 in
502 1121 634 1173 silva
685 1119 975 1172 latentibus
1029 1135 1252 1186 magnus
1303 1119 1507 1171 clamor
1555 1124 1722 1174 ternis
1774 1124 2065 1191 mugitibus

188 1193 456 1260 attollitur
487 1198 564 1245 ret
616 1208 739 1243 mox
793 1195 1034 1243 nostrum
1085 1198 1306 1255 agmen0
1368 1192 1660 1257 sagittariis
1716 1194 2064 1247 intermixtim

187 1263 524 1317 currentibus
549 1261 617 1314 ab
641 1262 746 1314 hiis
771 1261 1055 1330 appetitur.
1107 1259 1311 1322 Quibus
1332 1262 1503 1327 primo
1527 1261 1780 1316 conflictu
1810 1265 2065 1317 secundo-

190 1333 335 1406 [que]
384 1334 595 1386 fortiter
639 1334 896 1385 resistunt
947 1335 1001 1383 et
1045 1347 1111 1382 ex
1147 1330 1226 1382 eis
1262 1331 1460 1384 multos
1503 1333 1747 1399 palantes
1801 1337 2063 1389 occidunt.

187 1409 279 1459 Set
307 1404 634 1474 fugientibus
667 1403 986 1471 quibusdam
1018 1419 1083 1454 ex
1113 1402 1309 1453 nostris
1345 1402 1630 1455 confortati
1662 1404 1842 1457 hostes
1873 1407 2066 1474 glome-

185 1481 376 1529 rantur
421 1481 475 1527 et
516 1480 726 1527 nostros
775 1475 966 1527 iterum
1012 1473 1346 1525 incurrentes
1392 1473 1658 1541 dissipant
1702 1481 1754 1528 et
1792 1484 2066 1543 separatos

50 1561 160 1596 .150‘·
185 1548 396 1616 sagittis
432 1546 766 1599 fal*lentibus
803 1544 1051 1611 perdunt.
1135 1543 1272 1595 Gero
1313 1549 1493 1596 autem
1536 1546 1968 1615 archiepiscopus
2015 1557 2069 1601 et

184 1618 528 1671 Burchardus
595 1633 771 1669 comes
832 1616 1139 1667 vulneratus
1198 1615 1286 1666 vix
1357 1615 1640 1677 evadentes
1707 1621 1876 1670 cesari
1935 1619 2067 1672 haec

183 1688 504 1742 referebant.
590 1686 874 1739 Liudulfus
913 1692 1091 1738 autem
1131 1685 1337 1738 iuvenis
1376 1703 1496 1738 cum
1540 1689 1725 1755 paucis
1764 1690 1976 1756 capitur
2014 1696 2067 1742 et

188 1762 326 1813 Gero
365 1777 426 1811 ac
465 1759 773 1812 Folcmarus
812 1758 1031 1810 comites
1069 1774 1189 1810 cum
1232 1756 1316 1809 CC
1356 1757 1614 1810 militibus
1652 1760 1866 1827 optimis
1907 1761 2068 1812 occisi

22 1845 159 1888 'agaza
185 1831 404 1899 spoliati
441 1830 628 1882 *suntl
675 1840 898 1897 quorum
938 1828 1158 1879 nomina
1197 1832 1250 1879 et
1293 1828 1502 1880 animas
1540 1829 1684 1881 Deus
1734 1831 2067 1898 omnipotens

186 1901 606 1954 misericorditer
642 1900 897 1968 respiciat
938 1905 991 1951 et
1027 1916 1147 1963 nOS,
1194 1915 1421 1966 quorum
1471 1900 1628 1968 culpa
1666 1900 1774 1952 hiid
1811 1907 1937 1953 tunc
1975 1919 2067 1968 op-

183 1973 401 2042 petiere,
434 1972 535 2024 sibi
566 1989 662 2038 per
694 1970 968 2023 Christum
998 1970 1308 2022 reconciliet
1345 1974 1412 2033 et,
1445 1988 1510 2023 ne
1542 1971 1672 2038 quid
1701 1972 1810 2024 tale
1841 1972 2065 2024 ulterius

184 2045 475 2113 paciamur,
517 2042 747 2099 clemens
787 2040 1072 2094 custodiat.
1150 2086 1153 2090 .

327 2115 412 2169 22.
452 2114 583 2182 (14.)
643 2114 957 2180 Imperator,
996 2115 1056 2163 ut
1092 2111 1196 2163 hoc
1232 2112 1386 2164 triste
1424 2113 1678 2164 nuncium
1717 2112 1945 2176 audivit,
1996 2113 2065 2165 ad

183 2185 421 2238 tollenda
463 2184 865 2237 interfectorum
913 2199 1139 2253 corpora
1186 2182 1362 2235 redire
1409 2182 1594 2245 voluit3
1650 2188 1733 2235 set
1779 2185 2065 2236 multorum

182 2257 432 2310 tardatus
485 2255 706 2307 consilio
757 2255 814 2307 id
865 2254 1021 2322 quasi
1071 2254 1269 2305 invitus
1315 2254 1495 2306 omisit
1550 2260 1603 2306 et
1646 2254 1874 2306 Aeidum
1926 2256 2066 2307 anti-

185 2329 382 2390 stitem,
430 2328 522 2395 qui
560 2327 636 2379 eis
672 2326 894 2379 licentia
933 2325 1154 2376 infausti
1193 2323 1345 2376 ducis
1384 2325 1712 2391 sepulturam
1750 2326 2065 2392 inpenderet

185 2405 237 2452 et
269 2398 497 2451 Geronis
527 2414 719 2464 corpus
750 2396 1075 2449 marchionis
1104 2395 1412 2462 inploraret,
1447 2396 1667 2448 remisit.
1729 2396 2064 2449 Venerabilis

187 2467 347 2541 [vero]
407 2474 561 2538 pater
623 2470 824 2523 cesarie
876 2467 1175 2520 voluntarie
1235 2468 1570 2537 consentiens
1635 2468 1845 2519 concito
1904 2486 2065 2520 cursu

184 2541 496 2604 revertitur3
536 2544 588 2592 et
618 2545 685 2592 ut
721 2537 1083 2591 miserabilem
1117 2537 1328 2605 aspexit
1358 2542 1605 2604 stragem,
1645 2537 1890 2591 flebiliter
1917 2540 2058 2607 inge-

184 2611 322 2679 muit
359 2616 414 2663 et
451 2611 765 2679 suppliciter
804 2607 918 2680 [pro
957 2606 1081 2679 hiis]
1121 2608 1308 2661 oravit.
1391 2607 1548 2660 Hunc
1585 2626 1705 2661 cum
1743 2610 1970 2662 victores
2013 2615 2066 2662 et

184 2687 311 2734 tunc
335 2682 388 2734 in
412 2681 578 2749 preda
602 2681 774 2733 solum
793 2684 1064 2732 morantes
1087 2680 1294 2731 eminus
1309 2678 1573 2743 viderunt,
1610 2680 1674 2731 de
1699 2682 2064 2748 consequenti-

183 2752 283 2805 bus
330 2751 506 2805 timidi
555 2753 727 2819 primo
775 2751 1050 2819 fugerunt,
1107 2750 1405 2816 deindeque
1451 2751 1671 2818 propius
1723 2752 2063 2803 accedentem

186 2824 553 2876 salutaverunt
597 2829 650 2875 et
694 2823 810 2875 sine
854 2822 998 2874 omni
1042 2820 1333 2874 offensione
1380 2839 1498 2873 eum
1545 2822 1695 2873 abire
1733 2823 2062 2889 permittunt.

185 2894 285 2946 Hic
323 2913 356 2947 a
393 2894 661 2947 Bolizlavo
714 2893 940 2954 multum
981 2892 1046 2944 de
1083 2892 1320 2961 pernicie
1344 2898 1549 2950 *nostra
1597 2893 1872 2959 gaudenti,
1919 2893 2064 2960 quod

183 2966 442 3033 postulat,
494 2966 772 3033 inpetrans
824 2965 938 3016 sine
990 2980 1139 3015 mora
1190 2962 1350 3014 rediit
1408 2968 1461 3015 et
1523 2980 1746 3031 corpora
1801 2964 2063 3016 sociorum

18 3048 161 3083 'ol-151·
185 3053 305 3088 cum
351 3037 572 3103 magnof
612 3035 797 3088 labore
851 3035 1082 3086 inimicis
1126 3032 1458 3086 faventibusg
1510 3035 1766 3102 sepelivit.
1854 3034 2063 3086 *Funus

186 3112 366 3159 autem
412 3106 640 3176 predicti
689 3106 1014 3158 marchionis
1064 3110 1118 3157 et
1163 3105 1293 3157 socii
1337 3105 1451 3156 eius
1497 3105 1737 3157 Widredi
1781 3123 1950 3173 usque
1995 3104 2063 3157 ad

186 3178 362 3247 Mysni
405 3179 534 3230 fecit
578 3177 776 3231 reduci.
867 3175 1013 3228 Haec
1058 3175 1255 3228 ibidem
1301 3175 1649 3228 Hirimannus
1694 3193 1868 3228 comes
1916 3175 2064 3228 fiebi-

184 3248 308 3300 liter
345 3249 640 3316 suscipiens
672 3253 724 3301 et
754 3264 923 3315 usque
954 3247 1022 3299 ad
1053 3248 1252 3309 Novam
1285 3246 1470 3298 urbem
1485 3245 1520 3310 2,
1562 3246 1651 3299 ubi
1685 3247 1822 3299 Gero
1853 3247 2058 3314 Agripi-

186 3360 222 3400 a)
261 3362 378 3393 ieroni
401 3360 436 3402 0,
471 3371 560 3394 corr.
580 3363 619 3393 T.
730 3361 768 3398 b)
804 3362 917 3393 ieroni
940 3363 971 3392 1.
1081 3360 1124 3400 c)
1161 3367 1289 3391 acmen
1313 3360 1348 3399 Ο,
1382 3368 1470 3391 corr.
1492 3360 1531 3391 T.
1641 3359 1679 3399 d)
1717 3361 1859 3392 alterum
1882 3360 1895 3390 i
1917 3359 2000 3390 add.
2023 3361 2062 3391 T.

188 3403 223 3444 e)
246 3412 370 3436 cesare
395 3404 431 3435 0.
518 3405 548 3446 f)
573 3411 705 3442 magna
728 3405 764 3436 0.
853 3402 890 3442 g)
915 3412 955 3436 se
977 3403 1050 3435 sav.
1077 3404 1111 3434 G.

187 3487 230 3540 1.)
270 3489 448 3534 Necrol.
481 3490 762 3543 Mersebury.
795 3488 915 3543 Sept.
942 3491 989 3531 1:
1038 3487 1152 3531 Gero
1190 3489 1236 3530 et
1266 3486 1540 3531 Wolcmarus
1578 3487 1762 3532 comites
1799 3500 1896 3531 cum
1936 3487 2064 3530 sociis

187 3545 351 3589 suimet
380 3548 465 3590 200
494 3546 684 3600 peremti
714 3547 830 3589 sunt.
918 3543 963 3596 2)
998 3544 1516 3598 Mimchen-Nienbury.
