2456 4036
60 8 68 19 ι’

62 0 120 63 <432

6 86 7 90 ,
61 62 92 98 ῖίι

79 99 116 144 ‘2:1⁷

48 188 51 195 .
64 143 101 191 ωε

62 199 76 212 ,1
89 195 97 207 ι·

62 194 110 256 25³2>

74 264 105 334 Ξ

712 203 1047 249 ΤΗΙΕΤΜΑΒΙ
1077 203 1292 250 CHRON.
1352 206 1466 249 LIB.
1496 205 1573 248 VI.
1995 205 2075 248 141

206 328 304 382 bus
347 328 624 395 gaudium,
671 331 781 382 suis
826 337 1002 384 autem
1046 332 1249 385 luctum
1285 331 1607 386 ineffabilem
1644 331 1874 399 reliquit.
1950 330 2075 383 Cra-
2107 343 2232 387 1004.

206 400 348 453 stina
402 406 578 451 autem
637 400 722 452 die
770 401 1048 456 Iarimirus
1098 403 1382 457 adveniens
1431 403 1638 471 populis
1683 403 1801 454 iura
1846 403 2076 454 veniam-

205 488 306 539 que
343 471 607 522 commissi
652 473 994 537 poscentibus
1043 481 1166 527 ante
1211 479 1416 543 portam
1454 473 1601 526 dedit
1643 473 1870 541 ilicoque
1913 473 2076 525 intro-

75 551 179 614 ξω·
202 541 396 594 missus
439 542 680 609 pristinis
724 543 1014 596 honoribus
1062 563 1254 612 magna
1292 545 1645 598 *iocunditate
1689 544 2076 597 inthronizatur

201 629 264 665 ac
301 618 428 665 tunc
464 611 718 678 depositis
758 614 950 667 vilibus
988 616 1314 668 indumentis
1351 615 1792 683 preciosioribusa
1840 622 2073 668 ornatur.

200 683 339 736 Huic
391 682 467 734 ibi
519 689 631 735 tum
689 691 1047 752 presentatur,
1111 688 1366 756 quicquid
1423 687 1786 755 unusquisque
1846 687 2075 738 militum

201 754 342 811 hosti
378 753 599 821 fugitivo
629 756 711 806 vel
749 758 923 809 occiso
963 758 1253 826 spoliorum
1283 759 1519 812 abstulit.
1596 757 1904 811 Muneribus
1934 758 2075 810 idem

201 825 495 879 delectatus
531 825 777 893 plurimis
816 828 885 879 ad
920 829 1247 896 Wissegrodi
1283 829 1641 882 introducitur
1678 829 1977 897 ibidemque
2018 829 2073 880 in

201 896 470 950 dominum
511 897 853 962 exclamatur,
891 901 1032 966 regis
1069 900 1451 966 indulgentiam
1480 906 1534 952 et
1562 918 1742 953 secum
1771 901 1875 952 huc
1906 917 2073 968 usque

199 967 658 1035 perseverantibus
703 969 796 1022 diu
841 970 1169 1024 elaboratum
1213 972 1457 1040 promisit
1502 971 1757 1024 bravium.
1842 970 2078 1024 Confluit

199 1038 588 1106 undiquesecus
625 1045 734 1091 tam
765 1040 907 1107 vulgi
945 1059 1104 1110 quam
1150 1043 1449 1095 seniorumb
1490 1041 1778 1094 ineffabilis
1808 1042 1967 1094 turba
2004 1042 2073 1095 ad

199 1110 425 1177 gratiam
463 1111 583 1162 novi
614 1111 763 1164 ducis
793 1113 1188 1180 percipiendam
1228 1120 1280 1167 et
1309 1114 1378 1166 ad
1419 1113 1819 1181 prestolandum
1858 1114 2075 1181 gloriosi

199 1181 339 1248 regis
386 1198 670 1236 accessum.
754 1183 854 1235 Hic
898 1185 1111 1237 tandem
1151 1185 1434 1238 adveniens
1492 1184 1558 1236 ab
1599 1185 1838 1238 antistite
1881 1184 2073 1237 Thied·

199 1252 366 1319 dego¹
398 1260 452 1304 et
482 1270 514 1303 a
545 1253 677 1305 duce
702 1254 948 1307 Iarimiro
981 1273 1099 1308 cum
1129 1257 1386 1309 immenso
1420 1257 1546 1308 cleri
1579 1257 1855 1324 tociusque
1887 1256 2072 1327 populi

196 1323 429 1391 tripudio
470 1326 764 1391 succipitur
809 1331 862 1378 et
900 1326 970 1378 ad
1008 1327 1256 1380 eclesiam
1301 1329 1474 1380 sancti
1511 1327 1725 1380 Georii⁰
1773 1326 2070 1381 deducitur,

199 1393 416 1448 Cunctis
454 1412 579 1447 mox
617 1396 965 1464 dignitatibus
1004 1416 1036 1471 a
1073 1416 1196 1466 rege
1235 1399 1529 1451 honoratur
1566 1399 1854 1451 Iaremirus
1897 1403 2072 1467 pater-

197 1466 295 1530 niS,
335 1468 634 1519 convocatis
670 1467 932 1536 indigenis
972 1486 1149 1522 coram
1189 1469 1449 1523 omnibus,

343 1538 422 1592 13.
462 1537 594 1608 (10.)
648 1538 750 1592 Sed
789 1558 906 1592 cum
945 1540 1021 1593 ibi
1060 1547 1274 1595 sanctae
1307 1542 1404 1593 Dei
1442 1541 1711 1608 genitricis
1750 1545 1928 1592 ortum
1961 1556 2072 1592 om·
2097 1557 2244 1597 Sept.8.

197 1609 550 1661 niscelebrem
588 1610 783 1662 mundo
821 1630 917 1664 rex
953 1618 1317 1678 veneraretur,
1365 1611 1805 1673 Goddescalcusd,
1854 1617 2070 1664 sancta-e

197 1680 583 1748 Frisingensise
613 1683 903 1736 aecclesiae
940 1683 1255 1736 venerabilis
1293 1682 1536 1751 pastor2,
1583 1681 1812 1735 nomen3
1857 1700 1975 1734 cum
2012 1700 2071 1734 re

195 1751 490 1820 possidenS,
537 1754 756 1806 missam
794 1772 983 1807 canere
1020 1773 1084 1808 ac
1118 1755 1346 1823 populos
1385 1755 1664 1807 instituere
1702 1753 1768 1806 ab
1806 1771 1866 1806 eo
1904 1753 2072 1822 preci-

195 1824 343 1891 pitur
380 1828 433 1875 et
477 1823 545 1876 ab
591 1826 833 1894 episcopo
881 1825 1023 1879 sedis
1070 1827 1217 1879 illius
1254 1827 1594 1895 permittitur.
1670 1825 1907 1878 Perlecto
1945 1831 2071 1877 tunc

197 1895 540 1962 euvangelio*
577 1902 852 1962 presentes
889 1898 1027 1949 idem
1066 1902 1332 1951 ammonet
1370 1897 1434 1950 de
1471 1898 1664 1949 timore
1698 1896 1874 1948 divino
1918 1901 1970 1948 et
2005 1895 2070 1947 de

196 1966 554 2019 conservando
599 1968 839 2035 geminae
883 1968 1185 2022 dilectionis
1230 1969 1464 2032 vinculo,
1515 1968 1579 2020 de
1625 1967 1928 2021 obedientia
1975 1966 2073 2019 Dei

89 2074 109 2094 1-
162 2037 671 2107 ,sublimiorumque
723 2038 950 2092 *honore
1001 2045 1327 2108 potestatum
1383 2046 1436 2092 et
1484 2039 1553 2091 ad
1605 2039 1847 2091 ultimum
1895 2055 2073 2106 regem

90 2112 129 2174 ζ’
196 2109 429 2162 suaviter
474 2110 805 2177 aggreditur,
851 2116 912 2163 ut
956 2118 1122 2164 semet
1168 2128 1458 2179 agnoscere
1507 2115 1560 2163 et
1608 2110 1804 2175 omnia,
1859 2127 1994 2178 quae
2040 2127 2072 2162 a

94 2187 99 2200 ¹
194 2181 380 2249 primis
417 2181 556 2233 vitae
601 2181 758 2234 huius
804 2183 1083 2235 cunabulis
1129 2200 1295 2251 usque
1341 2182 1412 2234 ad
1454 2182 1556 2234 hoc
1601 2193 1811 2249 tempus
1856 2180 2071 2234 honoris

195 2252 484 2304 alicuiusve
537 2253 928 2307 commoditatis
979 2272 1232 2324 umquam
1284 2255 1540 2322 percepit,
1592 2253 1842 2320 largitate
1894 2252 2071 2306 divina

193 2323 376 2392 pocius
443 2340 603 2391 quam
670 2326 780 2378 suis
848 2327 1050 2379 meritis
1118 2326 1413 2379 asscribere
1476 2324 1742 2377 voluisset.
1847 2324 2073 2390 Insuper

195 2395 591 2448 misericordiae
629 2397 948 2450 mentionem
986 2397 1128 2461 fecit,
1177 2415 1313 2466 quae
1352 2398 1564 2450 unicum
1606 2402 1686 2448 est
1725 2395 1916 2448 salutis
1953 2412 2073 2463 pre*

197 2466 412 2529 sidium,
477 2467 776 2521 venerabile
835 2467 962 2540 fidei
1021 2475 1392 2521 ornamentum
1452 2474 1504 2521 et
1562 2466 1780 2536 magnaf
1828 2467 2071 2519 remissio

194 2543 546 2608 peccatorum.
655 2539 715 2591 In
775 2540 926 2592 cuius
986 2556 1142 2610 opere
1204 2540 1463 2593 servando
1515 2540 1802 2608 unicuique
1857 2538 2071 2591 Christo

195 2609 431 2663 fidelium
460 2611 565 2662 tria
598 2618 720 2663 sunt
750 2628 956 2680 semper
986 2611 1240 2680 optanda:
1280 2629 1432 2680 posse
1465 2617 1517 2663 et
1545 2610 1677 2664 velle
1707 2628 1770 2663 ac
1801 2609 2069 2677 perficere.

197 2681 344 2746 Quae
391 2698 510 2732 cum
555 2699 587 2734 a
633 2684 838 2736 cunctis
886 2683 993 2736 sint
1036 2683 1378 2752 adinplenda,
1434 2683 1503 2735 ab
1547 2683 1631 2735 his
1675 2683 1927 2744 maxime,
1981 2681 2073 2749 qui

166 2752 397 2806 ,nullum
434 2753 670 2806 ledentes
719 2753 822 2807 sibi
860 2763 1017 2807 avent
1055 2756 1251 2807 similia
1290 2755 1350 2806 *a
1389 2754 1617 2807 Domino
1654 2752 2072 2820 recompensari3

196 2829 271 2889 et,
325 2829 387 2876 ut
431 2825 758 2891 acceptabile
807 2825 875 2878 ab
920 2826 1003 2879 his
1049 2826 1163 2879 Deo
1202 2832 1380 2878 votum
1425 2825 1541 2890 fiat,
1596 2842 1660 2877 ex
1707 2824 1866 2877 corde
1912 2822 2071 2876 debet

195 2896 609 2964 unumquodque
645 2897 831 2965 largiri
869 2901 921 2950 et
958 2899 1162 2951 cunctis
1200 2897 1532 2951 debitoribus
1570 2897 1794 2960 remitti,
1840 2912 1905 2947 ne
1943 2894 2071 2947 mali

195 2968 306 3020 vice
343 2969 510 3020 servig
547 2968 678 3021 diris
715 2970 1111 3036 asstringantur
1147 2969 1443 3023 tormentis
1517 2968 1586 3020 Et
1616 2967 1698 3020 his
1730 2966 2067 3020 concludens:
2094 2966 2294 3042 Mgffigffv

199 3037 322 3103 ‘Te,’
359 3039 654 3107 inquiensh,
696 3040 947 3093 ‘obtestor
982 3058 1077 3110 per
1113 3058 1303 3094 nomen
1333 3046 1387 3093 et
1419 3056 1652 3092 amorem
1685 3039 1813 3103 eius,
1852 3038 1944 3106 qui
1975 3053 2070 3090 suo

199 3109 425 3163 debitori
464 3110 644 3164 decem
682 3112 831 3164 milia
867 3112 1208 3177 talentorum,
1246 3110 1302 3164 id
1341 3116 1422 3164 est
1457 3111 1633 3163 Iudeis
1669 3111 1921 3163 recutitisi
1953 3126 2068 3162 suo·
2095 3102 2310 3187 &ffssffig

289 3226 333 3279 ³¹⁸)
365 3225 551 3281 gradum
583 3226 780 3270 ascendit
811 3227 914 3271 add.
940 3229 990 3281 2,·
1030 3226 1217 3283 gradum
1248 3225 1484 3270 ascendens
1517 3226 1573 3269 A.
1597 3225 1643 3269 S.

88 3305 119 3355 ſs
197 3325 232 3360 a)
268 3324 533 3364 preciosioribus
565 3327 598 3357 1.
706 3325 744 3367 b)
782 3325 958 3358 nobilium
990 3326 1021 3363 2,
1053 3327 1095 3359 A.
1120 3327 1158 3358 S.
1269 3326 1302 3366 c)
1340 3326 1364 3357 i.
1390 3335 1418 3357 e.
1453 3323 1584 3364 Georgi
1614 3325 1674 3355 aut
1706 3322 1868 3363 Georgii3
1899 3323 1944 3363 cf.
1977 3322 2005 3361 1,
2029 3323 2063 3354 6.

40 3381 44 3410 ;
111 3370 119 3401 ἰ’
198 3365 233 3407 d.)
266 3367 503 3406 goddescaleE
519 3370 551 3400 1.
660 3367 695 3408 e)
725 3369 830 3409 prius
854 3377 876 3400 n
900 3368 986 3400 add.
1006 3369 1046 3401 T.
1105 3371 1107 3374 '
1140 3369 1168 3410 f)
1199 3377 1329 3408 magno
1352 3368 1394 3400 A.
1494 3368 1530 3408 g)
1561 3375 1646 3398 seru
1669 3368 1699 3398 1.
1801 3365 1841 3407 h)
1871 3366 1935 3406 Te,
1959 3374 1978 3397 o
2002 3374 2067 3397 rex

32 3416 46 3438 1'·
109 3421 113 3429 ›
195 3410 352 3449 gloriose
374 3411 407 3442 2.
494 3411 520 3453 i)
542 3412 711 3443 recucitis
734 3413 771 3450 13
801 3412 982 3444 recusatis
1005 3413 1037 3444 2.
2053 3418 2060 3427 ’

196 3495 240 3550 1)
271 3497 500 3553 Episcopo
523 3498 753 3553 Prayensi
771 3498 1037 3543 997—1017.
1155 3495 1198 3550 2>
1233 3496 1322 3549 Qui
1341 3496 1455 3541 sedit
1477 3496 1613 3540 994—
1622 3495 1745 3540 1006.
1860 3494 1904 3548 3)
1941 3494 2068 3547 Quod

197 3550 386 3599 ‘servum
414 3555 520 3599 Dei’
552 3555 790 3611 significat.
