2456 4036
0 2319 78 2373 &151-
96 2329 138 2362 ³4

0 2374 100 2409 man.
115 2353 159 2406 A’.

699 213 1035 259 THIETMARI
1067 215 1283 263 CHRON.
1340 217 1451 261 LIB.
1483 217 1571 261 ΙΙΙ.
2015 225 2071 268 47

330 379 571 432 *Tertius
609 381 664 432 in
701 399 921 434 numero
959 401 1159 451 regum,
1201 385 1293 438 sed
1330 387 1604 454 proximus
1643 387 1768 441 Otto

329 449 568 514 Nomine,
608 451 920 517 scribatur⁸,
961 462 1015 505 et
1053 454 1211 522 digna
1248 456 1404 509 laude
1442 458 1646 510 locetur

330 522 463 574 Sede
499 523 670 589 patris
710 524 901 590 magni,
939 525 1116 576 vivens
1153 544 1248 594 per
1284 527 1426 579 secla
1462 529 1726 580 secundob

329 592 632 657 *Successu,
671 594 879 645 miseris
918 596 1010 661 qui
1048 598 1251 662 profuit
1287 598 1532 651 omnibus
1570 599 1732 654 horiS.

227 672 254 716 5
326 663 500 715 Huius
537 664 709 731 prima
749 663 901 716 bonis
939 666 1222 731 laetantur,
1262 669 1416 721 triste
1453 672 1715 736 supremis

325 733 568 797 Advenit,
608 736 804 787 nostris
843 736 1155 789 criminibus
1194 738 1428 806 undique
1466 742 1688 808 magnis,

324 805 473 856 Tunc
508 804 610 856 luit
646 805 733 857 hic
771 806 1014 871 munduS,
1053 808 1195 874 quod
1233 811 1432 876 sprevit
1468 818 1618 864 recta
1655 813 1932 880 malignus,

324 875 519 928 Ultrici
556 876 731 943 gladio
770 878 1045 944 perierunt
1082 879 1315 943 plurima
1351 899 1526 948 regno,

323 945 486 998 Nulla
522 951 673 1014 patet
710 948 862 999 nobis
901 949 1199 1000 certissima
1237 967 1416 1014 causa,
1454 953 1639 1019 peritis

197 1027 252 1069 10
325 1018 543 1069 Cunctis
581 1023 662 1069 est
699 1019 887 1081 visum,
925 1018 1224 1087 Mersburgi
1261 1019 1435 1073 flebile
1474 1022 1726 1076 damnum

324 1089 406 1140 Ex
443 1105 549 1155 quo
588 1089 857 1153 sustinuit,
897 1089 1042 1156 quod
1080 1107 1186 1156 pax
1223 1092 1314 1158 pia
1352 1092 1502 1159 longe
1539 1096 1758 1147 recessit

323 1159 542 1211 Finibus
581 1177 609 1210 e
648 1159 862 1224 nostris,
899 1160 1007 1211 late
1044 1161 1301 1227 regnabat
1338 1168 1390 1214 et
1427 1162 1609 1217 hostis

323 1229 454 1293 Quis
490 1230 630 1282 valet
667 1229 836 1294 effari,
877 1232 1070 1283 seviret
1107 1236 1168 1283 ut
1204 1233 1305 1284 iste
1344 1233 1547 1285 crudeli

320 1302 545 1364 Funere,
584 1319 704 1356 cum
744 1299 984 1372 [Christi]
1022 1303 1235 1370 templis
1272 1321 1369 1355 nec
1399 1311 1644 1371 parceret
1681 1307 1823 1358 almi.

322 1371 608 1439 Congressi
645 1380 833 1424 mutuo
873 1372 1179 1425 ceciderunt
1216 1379 1376 1440 atque
1416 1374 1592 1427 duello

320 1442 402 1494 Ex
440 1444 638 1495 nostris
676 1443 848 1508 multi,
889 1443 1169 1495 Saracenis
1208 1446 1498 1513 exuperati.

319 1513 359 1582 [²⁸¹
374 1514 507 1566 Vere
546 1514 742 1579 felices,
782 1515 873 1582 qui
912 1513 1185 1566 Christum
1218 1533 1424 1584 semper
1461 1523 1701 1569 amantes

319 1584 660 1652 Tranquillae
698 1586 847 1652 pacis
884 1586 1120 1637 retinent
1152 1591 1355 1653 optata,
1392 1587 1602 1638 timoris

319 1655 580 1709 Funditus
617 1657 790 1724 ignari
826 1656 1092 1724 pulsantis
1130 1657 1295 1709 corda
1333 1658 1571 1725 maligni,

190 1737 246 1781 20
318 1726 444 1779 Plus
483 1744 645 1794 quam
682 1728 915 1780 tricenos
953 1727 1044 1794 qui
1084 1745 1224 1780 nunc
1261 1728 1567 1781 turbaverat
1604 1746 1772 1781 annos

318 1798 696 1852 Antecessores
734 1803 961 1862 nostrOS,
1000 1803 1067 1862 et,
1105 1816 1202 1866 pro
1241 1797 1410 1852 dolor!
1458 1799 1638 1851 hostes

317 1870 572 1933 Armavit,
612 1874 825 1942 nostras
864 1886 1076 1936 quoque
1114 1887 1255 1922 nunc
1293 1871 1582 1938 infringere
1618 1875 1807 1922 terras.

318 1940 422 2004 Qui
458 1941 636 1994 caelos
674 1941 835 1993 terris
873 1941 1220 2004 coniuncxit0,
1261 1946 1423 2008 ponat
1460 1948 1518 1993 ut
1554 1942 1673 1993 istis

315 2012 503 2064 Finem
541 2011 832 2080 suppliciis,
871 2016 1018 2079 optet
1053 2011 1210 2063 modo
1250 2013 1475 2080 quisque
1513 2011 1762 2081 fidelisJ*

885 2195 1186 2248 LIBER
1244 2196 1368 2249 III.

332 2342 374 2393 1.
415 2337 512 2409 (1.)
565 2337 811 2390 *Tercius
849 2339 999 2405 regni
1035 2343 1352 2406 procurator
1390 2339 1572 2403 nostri,
1620 2338 1744 2392 Otto
1783 2341 2058 2405 secundUS,

186 2411 257 2462 sit
310 2408 551 2462 codicelli
603 2410 854 2461 materies
907 2410 1012 2460 mei
1028 2410 1062 2462 l.
1160 2409 1263 2471 Qui
1314 2410 1521 2462 iuvenis
1575 2410 1775 2462 viribus
1826 2413 2059 2479 corporis

184 2481 366 2533 cluens
405 2480 629 2543 eximiiS,
675 2480 848 2548 primo
889 2498 1026 2548 quae
1064 2484 1191 2532 sunt
1229 2484 1474 2547 proterva
1513 2486 1763 2545 sectatur,
1810 2482 2059 2550 largitus-

183 2569 286 2620 que
334 2551 566 2620 plurima
610 2551 826 2618 pietatis
879 2550 1093 2619 opere2,
1141 2550 1342 2618 absque
1385 2557 1803 2619 temperamento
1848 2558 2059 2605 matura

182 2622 320 2690 fugit
363 2623 612 2686 consilia,
669 2622 987 2689 deindeque,
1012 2622 1304 2689 castigatus
1351 2640 1383 2674 a
1427 2624 1630 2687 multiS,
1683 2624 1910 2689 inposito
1956 2623 2057 2675 sibi

181 2693 484 2747 laudandae
521 2694 734 2745 virtutis
772 2692 939 2757 frenc,
979 2693 1232 2746 nobiliter
1269 2694 1325 2744 in
1356 2693 1543 2746 diebus
1575 2695 1685 2746 suis
1716 2700 2056 2747 conversatus

182 2769 284 2828 est3
326 2766 463 2817 sicut
498 2765 554 2816 in
593 2764 936 2832 sequentibus
974 2763 1291 2833 explanabo

273 2909 320 2962 *)
350 2907 477 2963 Expl.
507 2907 730 2963 prologus.
765 2906 858 2951 Inc.
890 2906 968 2950 lib.
1000 2909 1106 2951 terc.
1138 2910 1183 2951 2.

179 3034 215 3077 α)
237 3036 384 3110 Τοῗὶηε
407 3036 449 3086 in
467 3044 628 3077 numero,
652 3035 716 3068 sed
738 3034 883 3068 nomine
905 3035 1090 3075 proximus
1109 3033 1194 3066 Otto
1209 3034 1243 3066 A
1266 3042 1324 3066 me
1347 3035 1526 3067 scribatur
1541 3034 1583 3075 A,
1606 3043 1694 3066 corr.
1713 3035 1755 3066 T.
1835 3033 1873 3075 b)
1897 3033 1995 3066 felici
2012 3034 2054 3074 A,

179 3087 268 3110 corr.
319 3101 327 3111 .
417 3087 451 3120 c)
474 3087 493 3110 c
516 3088 668 3111 erasum.

181 3193 224 3245 1)
255 3192 503 3247 Deficiente
531 3192 797 3236 Wiclukindi
823 3205 955 3247 opere
980 3192 1236 3236 Thietmaro
1267 3192 1331 3235 ad
1351 3192 1471 3234 hunc
1502 3191 1663 3234 librum
1688 3190 2052 3233 conscribendum

179 3249 373 3292 minores
402 3249 551 3302 fontes
580 3249 962 3304 relinquebantur,
999 3250 1115 3293 inter
1151 3261 1260 3303 quos
1288 3252 1471 3302 praeter
1501 3247 1768 3302 Necroloyia
1802 3245 2054 3291 Chronicon

179 3305 565 3349 Halberstadense
586 3311 628 3348 et
648 3305 895 3360 Tayinonis
914 3306 1154 3349 chronicon
1175 3305 1562 3359 Maydeburyense
1577 3303 1809 3358 deperdita
1823 3304 2051 3355 novimus;

178 3362 240 3405 ad
269 3376 305 3406 c.
339 3364 360 3405 1
394 3363 529 3405 etiam
565 3362 825 3417 diplomatis
855 3375 967 3406 usus
997 3366 1075 3405 est.
1135 3362 1379 3405 Praeterea
1410 3365 1557 3404 autem
1589 3360 1764 3415 aliquos
1794 3360 1836 3402 ei
1863 3361 2053 3403 annales

176 3418 460 3463 brevissimos
500 3423 682 3472 praesto
715 3419 870 3471 fuisse
919 3419 1148 3462 nonnullis
1201 3417 1383 3461 indiciis
1434 3430 1702 3460 commoveor
1742 3421 1793 3460 ut
1835 3417 2052 3470 suspicer.

176 3475 222 3528 2)
252 3475 464 3531 Largitus
495 3487 631 3575 seniu
661 3476 855 3529 passivo.
914 3475 1085 3519 Sensus
1108 3475 1285 3518 videtur
1314 3486 1430 3516 esse:
1458 3474 1661 3527 plurima
1685 3474 1727 3516 ei
1748 3473 1917 3517 donata
1947 3478 2053 3518 sunt

177 3546 207 3576 a
230 3533 516 3588 parentibus.
626 3566 633 3574 .
