2456 4036
722 197 1057 242 THIETMARI
1089 197 1306 243 CHRON.
1366 198 1482 242 LIB.
1514 198 1628 241 IIII.
2056 199 2111 243 65

63 337 214 379 pass.
238 326 290 374 et
339 321 613 385 Sicconem
661 324 884 375 comites
936 341 999 375 ac
1052 323 1345 376 confratres
1408 323 1567 376 nudis
1614 323 1840 391 pedibus
1878 323 2114 376 *veniam
2145 335 2242 378 984.

235 392 566 460 postulantes
619 392 938 460 dedignatur
990 395 1274 462 suscipere.
1373 394 1524 459 Quod
1574 394 1651 447 hii
1703 412 1824 462 egre
1883 393 2116 448 ferentes

236 462 499 526 abierunt,
549 469 807 531 cognatos
845 465 1042 516 suimet
1079 472 1130 517 et
1169 467 1369 518 amicos
1407 484 1439 518 a
1477 465 1628 518 ducis
1666 466 1960 518 ministerio
1999 471 2114 519 toto

236 533 427 586 mentis
464 533 586 586 nisu
625 551 867 586 amovere
905 536 1194 591 studentes,
1270 537 1371 600 Qui
1409 554 1530 589 cum
1567 537 1866 604 palmarum
1903 536 2113 589 sollem-
2137 551 2318 585 Mart-16.

234 605 326 656 nia
363 605 419 656 in
457 604 825 672 Magadaburg
863 605 1132 659 celebrare
1170 607 1440 671 voluisset,
1487 625 1667 660 omnes
1705 608 1936 674 regionis
1974 608 2116 660 illius

234 675 537 743 principes¹
591 675 694 728 huc
749 677 1026 729 convenire
1079 679 1288 746 rogavit
1345 684 1504 746 atque
1555 680 1814 747 precepit,
1876 683 2115 731 tractans

235 745 497 814 quomodo
542 764 599 799 se
644 763 772 798 suae
818 747 1073 817 potestati
1119 748 1407 801 subderent
1447 751 1703 818 regnique
1741 767 1862 803 eum
1900 749 2115 818 fastigio

235 817 583 871 sublevarent.
655 817 796 870 Huic
834 817 1058 870 consilio
1097 821 1332 872 maxima
1364 830 1523 888 parsa
1551 838 1829 888 procerum
1861 821 1959 873 hoc
1992 821 2114 873 dolo

234 889 525 952 consensit,
572 888 715 956 quod
754 889 1032 941 licenciam
1071 907 1103 940 a
1149 889 1362 942 domino
1407 892 1602 944 suimet
1645 909 1790 959 rege,
1840 892 1925 944 cui
1971 893 2114 944 iura-

233 964 396 1023 verat,
432 959 581 1026 prius
604 964 809 1027 peteret
832 964 1058 1027 postque
1083 978 1271 1013 secura
1301 978 1436 1013 novo
1460 963 1572 1029 regi
1602 964 1837 1016 serviret.
1886 962 2114 1026 Quidam

234 1036 412 1089 autem
467 1029 534 1082 ob
588 1031 700 1083 eius
753 1030 1172 1098 indignationem
1224 1031 1471 1099 digressi,
1525 1034 1745 1087 occultis
1791 1034 2115 1087 meditantur

234 1102 463 1165 astutiis,
502 1102 734 1170 qualiter
771 1101 870 1154 hoc
907 1119 1197 1169 numquam
1235 1102 1438 1157 fieret2.

33 1188 43 1203 .
55 1185 207 1229 s01.51‘.
379 1174 426 1227 2.
457 1173 554 1242 (2.)
599 1172 728 1227 Inde
767 1189 1011 1240 egressus
1047 1173 1329 1226 Heinricus
1352 1175 1654 1241 proximum
1678 1174 1906 1243 *pascha
1930 1175 2113 1238 Quidi-
2137 1191 2242 1224 Mart.
2260 1192 2317 1224 23.

233 1243 543 1312 lingeburgb
596 1243 799 1296 festivis
850 1242 1099 1314 per[egit]
1155 1243 1414 1312 gaudiis3.
1516 1245 1631 1308 Quo
1691 1264 1914 1314 magnus
1966 1247 2114 1314 regni

234 1316 496 1383 primatus
526 1315 811 1382 colligitur,
851 1331 885 1367 a
914 1314 1236 1380 quibusdam
1267 1320 1447 1368 autem
1478 1317 1654 1368 venire
1686 1317 1778 1369 illo
1810 1317 2113 1370 nolentibus

234 1387 305 1439 ad
354 1387 533 1439 omnia
582 1385 867 1453 diligenter
914 1386 1233 1454 inquirenda
1281 1387 1500 1439 nuntius
1553 1389 1800 1440 mittitur.
1891 1388 2005 1440 Hac
2058 1389 2114 1440 in

233 1457 526 1511 festivitate
575 1456 715 1510 idem
766 1475 799 1510 a
848 1457 958 1509 suis
1005 1456 1218 1524 publice
1266 1475 1360 1510 rex
1409 1458 1712 1526 appellatur
1761 1459 2112 1527 laudibusque

235 1528 426 1582 divinis
464 1529 744 1581 attollitur.
823 1527 941 1580 Huc
980 1528 1176 1581 Miseco
1215 1534 1268 1581 et
1307 1529 1490 1581 Mistui
1528 1535 1580 1581 et
1612 1529 1916 1582 Bolizlovo4
1953 1530 2112 1582 duces

234 1617 354 1652 cum
393 1600 617 1653 caeteris
648 1598 1010 1652 ineffabilibus
1043 1598 1396 1665 confluebant,
1435 1601 1694 1652 auxilium
1728 1600 1830 1653 sibi
1863 1600 2112 1668 deinceps

234 1676 295 1723 ut
342 1672 456 1739 regi
506 1676 560 1723 et
606 1670 821 1723 domino
873 1688 992 1723 cum
1043 1670 1358 1723 iuramentis
1407 1670 1753 1726 affirmantes,
1841 1671 1999 1724 Multi
2048 1690 2113 1724 ex

234 1743 319 1795 his
354 1741 515 1795 fidem
544 1742 746 1796 violare
776 1742 842 1795 ob
873 1742 1118 1794 timorem
1150 1742 1251 1794 Dei
1290 1759 1398 1794 non
1438 1747 1800 1809 presumentes
1836 1743 2111 1810 paululum

232 1819 516 1866 evaserunt
553 1817 608 1866 et
644 1813 713 1866 ad
752 1813 1021 1866 civitatem
1060 1812 1462 1881 Hesleburg0·5,
1513 1830 1618 1881 quo
1658 1814 1893 1865 consocii
1928 1830 2111 1866 eorum

233 1885 487 1938 adversus
527 1885 714 1937 ducem
752 1885 859 1937 iam
893 1884 1070 1953 palam
1102 1884 1471 1952 conspirantes
1499 1884 1899 1948 conveniebant,
1943 1882 2111 1954 [festi—

233 1954 466 2027 navere].
541 1956 780 2020 Quorum
811 1956 944 2008 haec
975 1960 1100 2008 sunt
1135 1957 1367 2008 nomina.
1443 1956 1524 2007 Ex
1556 1956 1758 2007 oriente
1788 1955 1865 2007 hii
1898 1955 2115 2007 comites

233 2045 355 2080 cum
391 2027 702 2081 Bernhardo
749 2027 882 2080 duce
928 2031 981 2080 et
1017 2027 1299 2080 Thiedrico
1347 2027 1669 2089 marchione,
1719 2025 2114 2090 Ekkihardusss,

233 2099 367 2163 Bii0,
415 2098 590 2163 Esic7,
638 2097 991 2151 Bernwardus
1030 2116 1204 2151 comes
1243 2104 1297 2150 et
1334 2098 1609 2162 clericusss,
1659 2097 1846 2151 Sifrith
1896 2098 2115 2164 eiusque

232 2169 374 2223 filius
386 2170 426 2237 9,
451 2170 784 2223 Frithericus
804 2168 853 2208 1⁰
876 2175 930 2221 et
967 2168 1133 2222 Ciazo
1152 2169 1197 2206 ¹¹
1222 2169 1533 2222 confratres,
1598 2169 2113 2237 Conprovincialium

234 2249 415 2294 autem
439 2241 753 2295 Thiedricus
777 2246 831 2294 et
853 2240 1030 2293 Sibert
1053 2241 1350 2294 confratres
1368 2239 1431 2304 ¹2,
1473 2240 1643 2292 Hoico
1663 2239 1727 2304 ¹3,
1773 2238 2114 2291 Ekkihardus

234 2319 288 2366 et
318 2313 517 2366 Bezeco
549 2314 802 2382 germani,
835 2312 1037 2380 Brunig
1075 2317 1127 2365 et
1151 2313 1256 2377 sui,
1289 2312 1592 2380 militesque
1624 2311 1795 2364 sancti
1828 2310 2049 2363 Martini
2066 2309 2112 2346 ¹4

232 2429 269 2470 a)
291 2429 344 2461 ita
374 2429 419 2469 V‚·
441 2437 526 2468 pras
548 2429 593 2460 Β.
680 2426 720 2466 b)
744 2427 1068 2467 quidelingaeburg
1091 2428 1135 2458 B.
1223 2426 1257 2469 c)
1282 2427 1481 2466 hesteburg
1503 2428 1545 2467 B,
1570 2435 1657 2458 corr.
1680 2427 1719 2467 T,
1740 2428 1778 2457 ut
1800 2424 1947 2457 videtur.

234 2503 280 2553 1)
310 2503 461 2556 Ιρίιαν
490 2499 763 2556 Siyifridum
792 2513 964 2556 quoque
996 2499 1243 2543 Thietmari
1264 2505 1456 2553 patrem,
1494 2499 1572 2554 qai
1599 2497 1726 2552 infra
1756 2498 1870 2540 inter
1900 2498 2112 2540 adversa-

231 2560 327 2604 rios
357 2559 487 2603 ducis
515 2572 606 2602 non
637 2558 815 2602 dicitur.
932 2558 976 2610 2)
1009 2555 1136 2610 Conf.
1162 2558 1282 2606 Ami.
1308 2556 1512 2600 Hildesh.
1543 2556 1585 2599 h.
1617 2569 1660 2598 a.
1769 2554 1813 2605 3)
1852 2554 1940 2598 Ubi
1964 2555 2112 2608 ipsum

235 2617 543 2662 Thietmarum
574 2628 772 2670 pueram
805 2620 912 2658 tunc
943 2613 1150 2667 adfuisse
1180 2627 1233 2656 ex
1256 2613 1344 2663 IV,
1371 2615 1424 2656 16
1453 2612 1765 2668 perspicimus.
1880 2610 1924 2664 4)
1958 2612 2110 2654 Boles-

233 2675 365 2718 lavas
396 2674 466 2717 ΙΙ.
498 2673 592 2716 dux
620 2670 867 2716 Bohemiae
897 2669 1175 2724 (967—999).
1273 2671 1317 2724 5)
1354 2669 1675 2713 Hohen-Assel
1700 2681 1843 2722 prope
1871 2667 2115 2722 Burydorf

231 2732 349 2775 inter
390 2729 668 2774 Hildesheim
708 2733 749 2773 et
798 2727 1128 2782 Wolsenbiittel.
1257 2725 1300 2780 6)
1344 2727 1570 2771 Guntheri
1607 2725 1881 2770 marchionis
1922 2725 2115 2779 depositi

236 2788 347 2841 (IV,
378 2786 451 2841 39)
475 2786 605 2842 filius
635 2790 675 2829 et
699 2791 861 2840 postea
891 2786 1091 2830 marchio
1124 2784 1389 2828 Misniensis
1420 2783 1724 2835 (985-1002).
1851 2782 1893 2834 7)
1936 2782 2041 2825 Biio
2071 2786 2113 2824 ec

234 2845 347 2889 Esic
378 2845 556 2888 comites
579 2843 990 2898 MerseburqenseS,
1022 2843 1076 2888 de
1106 2842 1270 2898 quibus
1304 2842 1363 2895 cf.
1395 2838 1541 2884 ‘Neue
1574 2839 1798 2883 Mittheil)
1831 2838 1989 2882 XVII
2014 2839 2042 2881 l.
2075 2852 2109 2902 c.

233 2903 277 2954 8)
329 2902 498 2945 Postea
547 2899 762 2955 mayister
818 2901 937 2955 reyis
989 2898 1277 2952 (987—993)
1338 2903 1378 2942 et
1437 2899 1674 2952 episcopus
1726 2895 2111 2939 Hildeshemensis

234 2957 546 3012 (993-1022);
580 2957 712 3001 caius
745 2957 850 3001 Vita
882 2962 1064 3000 auctore
1090 2957 1382 3011 Thanqmaro
1412 2959 1560 2999 exstat
1581 2954 1661 2998 SS.
1680 2953 1766 2995 IV.
1853 2951 1897 3004 9)
1929 2950 2110 3006 sifrith,

235 3029 378 3060 comes
395 3014 732 3060 Northemensis
755 3014 937 3070 eiusque
953 3013 1074 3064 filius
1091 3013 1371 3069 aequivocus.
1418 3013 1492 3056 De
1514 3012 1675 3068 quibus
1699 3011 1852 3063 confer
1867 3008 2109 3060 Schrader,

234 3072 340 3118 ‘Die
362 3074 530 3117 alteren
552 3074 980 3128 Dynasten-stamme
1008 3071 1232 3115 ewischen
1255 3070 1407 3122 Leine,
1444 3068 1598 3112 Weser
1620 3067 1716 3110 und
1731 3066 1952 3118 Diemel’;
1983 3078 2111 3120 quem

233 3131 304 3175 hic
333 3136 481 3175 tamen
513 3131 637 3174 locus
658 3129 800 3184 sugit.
860 3129 915 3172 L.
1045 3127 1116 3180 10)
1149 3126 1302 3171 Comes
1332 3125 1728 3179 Ezienbw·9ensis;
1771 3124 1828 3176 cf.
1870 3122 2009 3174 VIII,
2040 3122 2108 3166 50.

236 3187 306 3239 11)
352 3187 442 3240 Qui
476 3185 603 3241 infra
641 3200 678 3230 c.
708 3187 765 3231 44
801 3185 951 3236 Ziazo,
989 3185 1039 3228 in
1077 3185 1321 3239 diplomate
1358 3188 1507 3227 autem
1547 3197 1590 3225 α.
1628 3181 1740 3225 1000
1776 3180 1880 3223 Ian.
1911 3180 1964 3223 31
2004 3179 2110 3221 dato

235 3244 450 3299 (Stampf
476 3244 606 3295 1211)
635 3242 763 3287 Zazzi
791 3248 977 3287 vocatus
1007 3242 1131 3290 idem⁴
1154 3241 1331 3284 videtur
1349 3240 1503 3295 fuisse
1534 3244 1665 3294 atque
1697 3237 1951 3300 Daedilee
1983 3235 2108 3300 Tlpie-

235 3301 355 3345 drici
383 3300 437 3344 de
467 3300 603 3352 tribu,
635 3313 747 3357 quae
778 3298 930 3343 Buzici
961 3297 1138 3349 dicitur,
1161 3297 1291 3352 filius
1321 3300 1343 3345 (
1354 3297 1432 3350 VI,
1463 3295 1553 3349 50),
1587 3295 1714 3338 cuius
1743 3305 1940 3336 nominis
1970 3293 2110 3335 aliam

222 3359 427 3411 formam
457 3357 575 3401 Dadi
619 3357 799 3403 Widuk.
826 3358 924 3410 ΙΙΙ,
959 3357 1012 3400 18
1042 3355 1232 3399 eoehibet.
1303 3355 1355 3398 V.
1388 3355 1530 3397 ‘Neue
1565 3349 1923 3405 Mittheilu‘nyen'
1958 3349 2115 3392 XVII

229 3428 278 3470 10·
302 3415 484 3460 32—34.
548 3414 674 3469 Gonf.
703 3415 850 3469 polon.
882 3412 1069 3456 dziekan
1090 3430 1147 3448 =
1172 3411 1386 3464 decanus,
1417 3409 1604 3452 dziakon
1627 3425 1684 3443 =
1713 3407 1949 3471 diaconus,
1981 3404 2110 3448 dziad

233 3489 291 3507 =
321 3473 416 3517 boh.
449 3468 534 3516 ded
562 3475 638 3523 (=
668 3472 815 3521 avus).
947 3469 1018 3520 12)
1075 3470 1125 3513 V.
1156 3481 1300 3522 supra
1331 3482 1366 3511 c.
1392 3470 1432 3510 1.
1573 3465 1643 3518 13)
1690 3463 1818 3518 Conf.
1850 3462 1978 3518 infra
2009 3476 2045 3506 c.
2068 3464 2109 3507 8.

236 3528 308 3583 14)
339 3529 517 3574 Scilicet
547 3529 758 3574 ecclesiae
789 3527 1191 3581 archiepiscopalis
1223 3525 1529 3579 Maqontinae.

1799 3606 1827 3650 5
