2456 4036
663 224 995 269 THIETMARI
1025 224 1241 270 CHRON.
1299 227 1409 272 LIB.
1442 228 1550 273 1111.
1653 247 1665 258 ,
1982 234 2038 277 85

176 351 262 404 cui
309 368 366 404 se
425 366 627 417 suaque
685 349 925 416 dederat,
976 351 1200 405 confisus
1257 354 1459 407 tamdiu
1508 355 1779 424 signaculo
1825 362 2037 410 sanctae
2070 367 2229 422 (1010).

57 445 68 455 ἡ
174 422 348 476 crucis
392 438 508 474 sese
553 421 800 489 signavit,
845 422 1191 493 quoadusque
1235 424 1569 479 obdormiens
1613 427 1668 479 in
1710 445 1841 496 pace
1878 445 2039 480 manu

174 494 331 546 simul
368 496 422 544 et
458 496 632 544 mente
673 492 885 560 quievit.
2058 518 2192 550 Musa,

315 565 398 618 37.
469 563 595 615 Post
642 563 794 614 cuius
845 562 1048 616 obitum
1096 564 1458 620 Traiectenses
1508 568 1663 621 nudis
1710 568 1934 638 pedibus
1983 575 2037 621 et

175 634 397 687 armatis
434 632 683 686 manibus
720 639 976 686 venerunt
1011 634 1220 699 flentes,
1271 643 1483 691 orantes
1521 644 1576 692 et
1611 639 1913 693 domesticis
1957 640 2036 692 di-

174 710 372 759 centes:
427 705 544 758 ‘Pro
583 704 682 756 Dei
719 705 932 758 nomine
971 705 1095 759 date
1133 707 1285 760 nobis
1322 714 1587 777 pastorem
1625 716 1883 775 nostrum,
1930 727 2034 780 quo

5 784 39 849 3'
72 767 95 833 ’ῃ
171 781 416 846 portetur
452 775 521 828 ad
580 791 708 827 suae
757 775 896 828 sedis
944 777 1242 832 tumulum.’
1328 780 1442 842 Quo
1490 786 1674 834 contra
1717 782 2036 836 reverendae

171 849 312 901 vitae
349 846 641 911 abbatissa,
681 845 795 899 eius
833 846 1035 900 scilicet
1069 847 1181 901 filia
1212 851 1561 916 sanctissima,
1600 870 1717 905 cum
1748 853 2036 922 capellanis

173 925 227 972 et
263 918 524 971 militibus
561 917 859 985 respondit:
915 918 993 970 ‘In
1032 919 1215 972 eodem
1255 922 1368 974 loco
1407 921 1562 975 debet
1599 924 1832 991 sepeliri,
1880 924 1970 977 ubi
2008 943 2036 977 e

170 991 280 1044 vita
317 989 548 1060 presenti
585 1006 618 1040 a
655 989 766 1041 Deo
804 994 885 1042 est
920 991 1210 1058 permissus
1249 992 1403 1044 exui.’
1493 994 1806 1048 Perventum
1845 1001 1924 1048 est
1967 995 2036 1048 ad

171 1062 288 1126 hoc,
327 1066 386 1114 ut
422 1060 616 1113 armati
654 1077 718 1112 ex
755 1064 982 1128 utraque
1018 1067 1169 1129 parte
1201 1063 1647 1130 periculosissime
1678 1067 1952 1119 convenire
1983 1072 2035 1119 et

171 1133 351 1201 plures
394 1132 505 1185 vita
550 1130 805 1183 deberent
849 1148 1051 1196 carere,
1098 1132 1200 1184 nisi
1245 1133 1384 1201 quod
1431 1134 1626 1188 domna
1671 1136 1942 1190 abbatissa
1980 1156 2035 1190 se

172 1205 228 1256 in
264 1202 438 1257 medio
475 1220 656 1256 eorum
696 1204 984 1270 prostravit
1033 1207 1086 1255 et
1123 1203 1254 1256 adeo
1291 1222 1474 1274 pacem
1520 1208 1659 1259 inter
1694 1208 1812 1260 illos
1850 1209 1930 1261 vel
1966 1208 2034 1260 ad

171 1279 495 1328 momentum
526 1274 744 1342 rogavit.
820 1273 1030 1327 Interea
1063 1274 1343 1328 videbatur
1372 1277 1646 1342 militibus,
1679 1278 1818 1346 quod
1850 1296 1913 1331 ex
1943 1279 2036 1331 illa

170 1351 346 1416 parte,
379 1363 485 1415 qua
509 1345 736 1398 fratrum
766 1344 979 1398 fuerant
1003 1344 1271 1411 officinae,
1308 1346 1374 1399 ab
1401 1365 1541 1416 aqua
1564 1349 1699 1401 Ema
1728 1350 2033 1402 nominatal

171 1418 241 1471 ad
278 1417 472 1470 montis
510 1415 851 1485 supercilium
890 1417 1058 1484 ipsius
1102 1417 1408 1470 traherenta
1451 1421 1800 1488 sarcofagum.
1883 1420 2035 1484 Quod

169 1490 297 1542 dum
335 1489 648 1553 niterentur,
699 1505 905 1555 corpus-
927 1505 961 1540 a
996 1487 1424 1542 Traiectensibus
1462 1492 1758 1544 sustollitur
1797 1497 1848 1545 et
1883 1492 2034 1545 levis·

173 1562 327 1625 sime,
382 1561 521 1613 sicut
566 1560 669 1628 ipsi
716 1560 897 1611 iurant
945 1558 1141 1623 adhuc,
1195 1560 1335 1613 ultra
1386 1579 1580 1630 aquam
1631 1562 1857 1617 ducitur.
1947 1563 2035 1616 Sic

170 1637 302 1686 nutu
340 1631 556 1684 Domini
600 1630 795 1683 fortior
839 1648 962 1699 pars
1008 1630 1192 1683 delusa
1237 1637 1318 1684 est
1363 1633 1603 1687 militum.
1692 1634 1819 1687 Post
1862 1639 2034 1687 trans-

169 1704 424 1757 lationem
469 1703 710 1770 corporis
756 1702 895 1755 sacri
939 1701 1240 1769 fragrancia
1285 1703 1406 1755 miri
1451 1704 1626 1757 odoris
1670 1710 1920 1774 percepta
1958 1711 2037 1758 est

169 1776 224 1827 in
267 1775 373 1839 via,
428 1791 563 1844 quae
608 1773 751 1826 ultra
802 1773 908 1825 tria
959 1774 1192 1826 miliaria
1235 1775 1693 1828 veracissimorum
1745 1776 2034 1841 hominum,

173 1847 313 1900 sicut
350 1846 453 1913 ipsi
490 1849 770 1909 testantur,
810 1861 966 1897 nares
1001 1844 1237 1913 perfudit
1274 1850 1327 1897 et
1361 1852 1593 1914 pectora.

70 1960 74 1983 ,
314 1918 398 1975 38.
437 1915 569 1988 (25.)
627 1917 973 1986 [Revocemus
1011 1916 1078 1969 ad
1115 1917 1441 1981 memoriam,
1489 1917 1629 1986 quod
1666 1916 2039 1970 miserabiliter

76 2028 87 2039 .
170 1989 399 2043 Gisilero
424 1988 775 2057 archipresuli
799 1987 1036 2040 *incuria
1058 1989 1141 2040 sui
1171 1988 1391 2056 contigit
1420 1988 1688 2044 damnum.
1745 1989 2038 2058 Imperator

171 2060 240 2113 ob
278 2059 637 2113 defensionem
674 2060 883 2129 patriae
921 2059 1242 2127 Harnaburg
1280 2060 1545 2112 civitatem
1593 2077 1750 2128 opere
1795 2061 2036 2113 muniens
2065 2070 2287 2125 (9971un.).

170 2132 470 2185 necessario
483 2130 522 2197 ²,
562 2148 679 2184 eam
718 2130 828 2183 IIII
867 2130 1189 2183 ebdomadas
1219 2130 1288 2183 ad
1319 2131 1574 2184 tuendum
1605 2131 1727 2184 huic
1758 2132 2035 2185 commisit.

174 2204 276 2268 Qui
312 2203 500 2256 fraude
537 2203 718 2271 ignota
764 2202 833 2255 ad
868 2201 1123 2271 placitum
1163 2220 1194 2254 a
1233 2201 1434 2255 Sclavis
1467 2208 1683 2256 vocatus
1722 2220 1835 2255 cum
1875 2220 2039 2270 parva

171 2274 512 2327 multitudine
550 2275 692 2328 exiit.
770 2274 876 2326 Alii
912 2290 1140 2340 namque
1176 2279 1560 2343 precesserunt,
1599 2280 1652 2327 et
1688 2273 1944 2343 quosdam
1983 2275 2037 2325 in

170 2346 302 2399 urbe
339 2345 568 2415 reliquit.
641 2346 778 2398 Ecce
816 2349 996 2398 autem
1033 2363 1172 2397 unus
1210 2363 1237 2398 e
1276 2346 1534 2399 consociis
1572 2346 1804 2398 eiusdem
1843 2363 1876 2397 a
1906 2345 2038 2397 silva

173 2436 449 2486 erumpere
499 2417 678 2470 hostes
731 2416 981 2484 prodidit.
1086 2416 1559 2484 Congredientibus
1611 2433 1732 2469 vero
1791 2423 1916 2469 tunc
1975 2434 2038 2468 ex

171 2495 398 2558 utraque
437 2494 588 2557 parte
626 2489 903 2554 militibus,
943 2488 1335 2552 archiantistes,
1376 2489 1467 2556 qui
1506 2506 1663 2541 curru
1700 2489 1856 2551 venit,
1904 2505 2038 2555 equo
2061 2517 2166 2550 ΟΜ,
2186 2518 2287 2549 pm,

171 2561 310 2628 fugit
361 2561 526 2626 alatO,
588 2578 652 2613 ex
704 2561 813 2613 suis
864 2566 1090 2612 mortem
1143 2559 1486 2612 evadentibus
1537 2560 1738 2627 paucis,
1834 2559 2037 2612 Sclavib
2100 2561 2266 2600 1¹12⁴1⁶·

170 2633 395 2686 victores
439 2632 606 2700 preda
650 2631 1053 2684 interfectorum
1099 2629 1207 2702 [VI.
1245 2631 1422 2683 Nonas
1461 2630 1602 2702 Iulii]
1648 2630 1759 2683 sine
1804 2629 2038 2697 periculo
2061 2647 2182 2679 1u1.2.

170 2703 489 2770 pociuntur3
554 2711 607 2756 et
673 2703 1125 2772 archiepiscopum
1197 2703 1272 2755 sic
1341 2702 1565 2755 elabisse
1626 2706 2035 2770 conqueruntur.

171 2775 468 2829 Custodivit
513 2782 715 2838 tamen,
749 2775 1000 2843 quamvis
1046 2774 1122 2826 sic
1165 2773 1466 2841 lugubriter
1511 2773 1810 2836 mutilatUS,
1855 2771 2037 2824 urbem

172 2847 240 2899 ad
286 2846 487 2900 dictum
532 2846 672 2899 diem
712 2845 971 2899 Gisilerus
1009 2844 1282 2914 tristisque
1325 2863 1566 2898 reversus
1606 2844 1812 2897 obviam
1850 2843 2038 2895 habuit

170 2923 422 2986 patruum
451 2919 666 2971 meimet
695 2917 1055 2970 marchionem
1086 2917 1437 2981 Liutharium,
1471 2917 1620 2969 cuius
1652 2932 1829 2968 curam
1856 2915 2038 2967 civitas

170 2989 412 3058 predicta
461 2995 589 3043 tunc
641 2988 982 3058 respiciebat3
1047 2987 1377 3056 firmiterque
1431 2989 1479 3040 ei
1531 3005 1647 3040 eam
1705 2987 2038 3039 committens

139 3061 346 3116 -*abiit.
430 3061 667 3115 Accessit
712 3067 890 3114 autem
936 3078 1111 3113 comes
1165 3064 1238 3122 et,
1279 3066 1339 3111 ut
1384 3059 1566 3111 urbem
1612 3058 1744 3110 vidit
1795 3056 2036 3110 incendio

169 3133 529 3202 fumigantem,
560 3131 1022 3199 archiepiscopum
1052 3149 1291 3184 remeare
1314 3149 1410 3199 per
1433 3130 1814 3182 internuntium
1841 3128 2037 3180 frustra

169 3206 340 3274 petiit.
422 3204 541 3272 Ipse
588 3208 764 3256 autem
810 3204 982 3272 ignem
1028 3203 1083 3255 in
1128 3202 1333 3254 duobus
1378 3203 1508 3255 locis
1553 3201 1660 3253 iam
1706 3200 1811 3252 alte
1857 3216 2037 3252 ascen-

171 3318 206 3361 α.)
228 3320 278 3351 ita
299 3318 342 3352 A.
361 3319 398 3351 S.
423 3327 456 3351 a.
475 3319 579 3358 1010;
606 3319 767 3350 traheret
787 3319 823 3350 2.
911 3316 948 3358 b)
973 3326 991 3348 c
1015 3317 1098 3349 add.
1122 3317 1161 3348 T.

175 3405 217 3457 1)
255 3407 370 3450 Eem
399 3405 549 3460 fluvio.
676 3402 719 3457 2)
758 3406 866 3459 Ipse
902 3404 1146 3459 imperator
1183 3403 1249 3447 ibi
1283 3403 1434 3455 adfuit
1470 3402 1638 3447 chem-tis
1669 3401 1854 3445 testibus
1884 3414 1925 3444 a.
1957 3399 2040 3444 997

173 3465 280 3507 Iun.
302 3463 342 3515 5,
374 3464 414 3515 8,
447 3465 500 3508 13
530 3462 742 3516 (Stumpt'
766 3462 1080 3513 1113—1115).
1196 3460 1239 3513 3)
1271 3460 1470 3503 Plurimi
1497 3459 1660 3503 mortui
1688 3458 1964 3502 adnotantur
1991 3457 2039 3499 in

175 3519 308 3564 Nee-r.
347 3521 487 3563 Mers.
525 3521 615 3563 Iul.
646 3519 685 3562 2.
753 3521 807 3562 L.
878 3517 1006 3572 Confi
1046 3519 1180 3561 Necr.
1225 3517 1383 3571 illaad.
1422 3517 1510 3559 Iul.
1541 3518 1594 3560 2:
1649 3513 1807 3559 Obitus
1844 3513 2039 3558 militum

173 3577 319 3621 sancti
348 3576 568 3629 Mauricii‚
600 3576 676 3633 qui
707 3575 836 3619 occisi
866 3577 969 3619 sunt
998 3575 1046 3618 in
1076 3573 1324 3629 Arneburg.
