2456 4036
376 214 433 259 34
890 211 1227 256 THIETMARI
1258 211 1477 256 CHRON.
1539 214 1653 262 LIB.
1685 213 1748 258 ΙΙ.

213 356 346 410 (965),
520 341 604 394 24.
658 339 792 410 (16.)
866 339 1163 406 Imperator
1222 343 1403 391 autem
1469 339 1710 392 fraterna
1777 340 1927 392 clade
1992 341 2261 407 turbatuS,

375 412 662 474 Wolmer0,
714 410 950 462 eiusdem
999 409 1287 460 familiari²
1325 410 1663 476 capellanob·
1689 411 1724 475 ¹,
1766 410 1834 463 ob
1871 428 2107 464 amorem
2148 414 2262 465 eius
2447 462 2456 479 τ

374 483 739 550 episcopatum
793 485 847 532 et
899 480 1074 531 anime
1128 496 1314 531 curam
1366 480 1597 534 fideliter
1649 482 2053 535 commendavit.
2144 483 2260 546 Quo
2448 505 2456 560 '³

373 553 590 605 sedente
625 560 831 618 tempus
870 568 902 601 a
945 551 1056 602 Deo
1107 550 1209 601 sibi
1247 555 1597 618 permissum0
1635 554 1772 606 etin
1811 552 2056 606 omnibus
2087 554 2261 621 egreie
2445 559 2456 573 ”

205 627 324 679 (969)
369 623 708 675 conversanti
738 626 792 673 et
821 621 887 672 de
919 621 1095 673 medio
1127 619 1260 691 [XV.
1297 622 1361 676 K.
1398 622 1704 695 Augustin·
1727 624 1751 660 2
1773 624 2071 677 discedenti
2104 627 2260 690 GerO,
2449 602 2456 683 ¹,

199 684 344 716 ¹¹¹¹·¹⁸·
370 694 539 746 frater
584 691 905 744 Thietmarie
950 691 1279 745 marchionis
1300 691 1339 757 3,
1385 711 1419 746 a
1464 694 1608 746 clero
1657 700 1712 747 et
1757 695 1826 748 ab
1871 697 2014 747 omni
2061 696 2260 764 populo

370 765 572 817 electus
618 768 719 826 est3
768 768 823 815 et
866 762 966 814 hoc
1014 763 1331 830 imperatori
1376 781 1499 816 mox
1544 766 1910 822 adnuntiatur.
1994 767 2094 819 Hic
2133 768 2260 836 quia

368 835 578 902 prefato
625 834 780 886 fratri
826 850 923 885 suo
971 834 1036 886 ob
1084 834 1284 887 multas
1331 853 1615 888 causarum
1662 838 1865 905 species
1917 839 2088 889 iratus
2141 839 2258 903 fuit,

367 906 498 957 dare
542 905 667 957 huic
713 905 1078 973 episcopatum
1125 905 1309 960 noluit.
1399 906 1613 960 Interea
1658 909 1725 972 is,
1777 908 1905 976 quia
1950 909 2259 976 capellanus

365 982 494 1028 tunc
532 981 663 1040 erat,
702 976 759 1027 in
796 994 902 1028 uno
937 976 1146 1029 dierum
1177 978 1400 1031 missam
1432 978 1707 1031 celebrans
1738 980 1793 1031 in
1826 979 1994 1047 Papia
2025 981 2257 1045 civitate,

364 1047 499 1099 vidit
542 1047 686 1100 solus
732 1052 975 1100 sanctum
1016 1049 1237 1100 Petrum
1282 1053 1336 1100 et
1377 1049 1714 1103 Ambrosium
1762 1056 1949 1102 sanct-o
1997 1068 2053 1103 se
2100 1051 2258 1104 bene—

365 1119 603 1171 dicentes
649 1118 788 1183 oleo;
844 1123 897 1171 et
940 1119 1116 1170 nullos
1156 1124 1285 1172 tunc
1327 1120 1588 1188 prodidit,
1643 1121 1737 1174 sed
1782 1127 1991 1174 tantum
2046 1122 2258 1176 divinae

364 1191 583 1256 pietatis
620 1207 815 1242 munus
855 1208 994 1258 equa
1031 1196 1209 1244 mente
1245 1193 1494 1260 portavit.
1580 1193 1938 1261 Imperatorig
1984 1200 2163 1246 autem
2201 1195 2257 1246 in

364 1267 550 1314 sancto
583 1261 848 1314 dominice
880 1264 1291 1315 resurreccionis
1324 1262 1411 1316 die
1442 1265 1721 1332 evaginato
1753 1265 2006 1333 apparuit
2036 1266 2256 1333 angelus

364 1333 566 1401 gladio,
624 1350 744 1385 cum
797 1333 906 1385 iam
957 1339 1277 1402 preparatus
1331 1343 1553 1402 excepta
1605 1354 1801 1389 corona
1854 1337 1923 1389 ad
1976 1336 2256 1389 ecclesiam

360 1422 582 1473 pergere
628 1404 902 1457 voluisset:
965 1404 1140 1470 ‘Nisi,’
1194 1406 1466 1473 inquiens,
1522 1407 1594 1458 ‘in
1640 1408 1849 1460 Gerone
1901 1406 2063 1460 hodie
2116 1426 2255 1461 com-

360 1476 584 1544 pleveris
624 1475 957 1540 electionem,
997 1475 1248 1529 *securus
1282 1494 1393 1544 ,non
1431 1478 1611 1530 evadis
1649 1478 1821 1530 hanch
1859 1479 2074 1533 sedem.’
2150 1480 2256 1532 Ex·
2280 1496 2380 1537 *for
2398 1499 2452 1530 26.

358 1564 648 1615 pavescens
688 1547 755 1599 ob
794 1547 895 1599 hoc
934 1565 1107 1600 cesar:
1158 1549 1482 1614 ‘Domnum,'
1530 1548 1672 1614 infit,
1721 1555 1921 1603 ‘vocate
1958 1550 2255 1605 Greronem.²

361 1619 557 1687 Eiquei
601 1620 848 1686 protinus
887 1620 1118 1671 venienti
1156 1637 1341 1672 curam
1393 1620 1583 1673 baculo
1628 1621 1953 1689 pastoralem
1991 1623 2256 1675 commisit

360 1695 414 1742 et
465 1690 853 1758 indulgentiam
907 1690 1186 1744 humiliter
1237 1691 1564 1759 efflagitavit.
1662 1692 1765 1745 Hic
1817 1710 1850 1744 a
1902 1692 2253 1761 suffraganeis

356 1766 548 1830 postea
585 1762 914 1826 benedictUS,
955 1767 1016 1814 ut
1054 1763 1220 1830 signis
1258 1763 1419 1815 hodie
1459 1763 1781 1832 declaratur,
1822 1782 2016 1816 nomen
2054 1770 2108 1816 et
2138 1764 2254 1819 offi-

356 1833 490 1885 tium
524 1834 637 1886 Deo
675 1833 1088 1901 hominibusque
1126 1840 1358 1902 accepte,
1399 1834 1525 1887 dum
1562 1834 1746 1900 vixit4,
1783 1841 1897 1888 tota
1936 1837 2128 1888 mentis
2162 1836 2252 1889 de-

359 1906 571 1957 votione
608 1909 858 1972 portavit.

501 1978 585 2030 25.
655 1975 829 2029 Huius
875 1980 1064 2028 sancta
1115 1981 1310 2041 mater,
1364 1977 1580 2029 Hiddak
1632 1978 1901 2043 nomine5,
1956 1978 2251 2032 Ierusalem

356 2048 617 2100 orationis
649 2049 825 2116 gratia
854 2052 1039 2116 petens
1070 2048 1287 2116 illicque
1310 2048 1598 2114 infirmata,
1631 2050 1771 2102 hanc
1795 2050 1906 2102 suis
1929 2051 2249 2119 legationem

353 2119 689 2188 pedissequis
738 2119 1150 2172 commendavit:
1207 2119 1553 2187 ‘Egredientil
1610 2122 1822 2173 animae
1870 2122 2085 2175 meimet
2126 2139 2250 2191 pro-

353 2192 571 2258 longato
617 2191 778 2243 huius
825 2191 971 2243 exilii
1017 2191 1276 2255 incolatu,
1324 2209 1518 2259 corpus
1563 2210 1738 2245 meum
1785 2195 1945 2246 matri
1986 2199 2129 2246 terre
2166 2211 2249 2246 ce-

352 2263 538 2315 leriter
567 2262 783 2326 tradite,
823 2267 878 2315 et
906 2280 1029 2315 mox
1061 2267 1263 2325 eunteS,
1303 2262 1437 2315 haec
1466 2262 1575 2316 filio
1606 2265 1858 2316 nunciate
1889 2263 2103 2331 Geroni,
2143 2282 2248 2333 quo

352 2335 665 2402 peregrinae
696 2334 946 2401 genitrici
978 2352 1106 2386 suae
1137 2335 1301 2387 talem
1333 2335 1386 2387 in
1411 2337 1571 2388 terris
1596 2353 1703 2388 non
1728 2336 1951 2404 deneget
1975 2336 2246 2402 honorem,

352 2406 565 2473 qualem
605 2406 725 2472 pius
763 2406 818 2457 in
858 2406 1020 2458 caelis
1057 2405 1186 2458 dare
1225 2406 1478 2472 dignatus
1513 2412 1594 2460 est
1625 2408 1787 2471 Deua
1827 2413 1881 2460 et
1911 2408 2083 2461 altare
2114 2408 2247 2460 mihi

351 2478 408 2529 in
452 2477 714 2530 aecclesia
760 2482 979 2530 sanctae
1026 2478 1320 2530 constituat
1367 2477 1635 2533 Ceciliae.’
1719 2479 1938 2531 Talibus
1981 2480 2246 2548 preceptis

352 2548 574 2601 devotae
627 2548 1056 2616 obtemperantes
1116 2548 1315 2602 famule
1382 2549 1656 2602 dominam
1719 2568 1871 2603 suam
1930 2556 2054 2619 post
2110 2551 2246 2604 haec

350 2619 578 2672 feliciter
616 2621 978 2687 exspirantem
1025 2621 1351 2688 sepelierunt
1396 2627 1449 2673 et
1494 2623 1679 2674 statim
1725 2622 2036 2675 recedentes
2089 2624 2245 2675 mise-

349 2691 525 2743 riam*
570 2692 771 2744 insciae
818 2690 1142 2759 effugierunt
1185 2692 1611 2748 subsecuturam.
1694 2693 1832 2745 Nam
1872 2694 2126 2747 Saraceni
2163 2694 2244 2746 Ie—

348 2762 662 2815 rusolimam
693 2767 821 2815 tunc
852 2762 1201 2815 invadentes⁶
1229 2764 1305 2815 nil
1327 2764 1592 2832 reliquere
1616 2765 1785 2830 victis,
1818 2765 1963 2833 quod
1988 2767 2242 2818 sancta**

444 2862 490 2918 ²³⁸)
521 2877 610 2907 non
639 2864 747 2908 add.
768 2863 973 2918 fortasse
1005 2864 1066 2919 N,
1099 2869 1140 2909 et
1167 2866 1271 2910 item
1299 2868 1345 2909 2.
1465 2864 1544 2919 **)
1577 2865 1728 2910 Hidda
1760 2866 1866 2910 add.
1897 2870 1941 2911 2.

347 2947 384 3031 a)
408 2948 554 2981 famiari
572 2948 614 2988 A,
636 2949 664 2981 li
689 2947 774 2981 add.
795 2950 835 2980 T.
923 2947 963 2989 b)
987 2950 1178 2989 capellana
1193 2952 1225 2980 1.
1316 2950 1350 2992 c)
1375 2951 1590 2990 permissam
1606 2951 1649 2983 A.
1739 2951 1776 2991 d)
1801 2952 1839 2982 in
1865 2953 1937 2983 loco
1960 2960 2070 2984 vacuo
2091 2951 2177 2984 aad.
2197 2953 2238 2984 T.

346 3001 366 3024 0
412 2992 621 3024 thIaetmari
641 2992 686 3023 A.
797 2992 828 3032 f)
861 2992 956 3023 nulli
982 2993 1020 3024 V.
1131 2993 1169 3033 g)
1193 2993 1418 3033 Imperatore
1440 2996 1473 3026 1.
1584 2994 1624 3034 h)
1649 3002 1668 3025 c
1691 2994 1776 3025 add.
1801 2995 1842 3026 Τ.
1953 2994 1982 3035 i)
2008 2995 2172 3035 cumque
2195 2996 2239 3036 A,

346 3045 435 3067 corr.
462 3037 500 3068 V.
589 3035 628 3078 k)
651 3034 717 3067 Ida
740 3043 829 3067 corr.
856 3043 980 3067 manue
1003 3037 1108 3067 multo
1123 3037 1314 3076 posterior.
1404 3035 1433 3078 1)
1457 3035 1697 3076 Aegredienti
1719 3037 1763 3070 Α.

346 3105 389 3159 1)
432 3105 678 3150 Wolemero
719 3107 1002 3159 (Volcmaro)
1041 3121 1186 3162 supra
1227 3113 1579 3162 commemoraw,
1621 3110 1703 3164 qui
1736 3109 1854 3152 sedit
1882 3109 2136 3164 965-—969;
2179 3108 2237 3164 ef.

345 3164 581 3207 Dammler
604 3177 652 3218 p.
677 3164 776 3208 466.
888 3165 933 3218 2)
963 3165 1042 3208 Ex
1073 3165 1207 3209 Neer.
1241 3166 1436 3209 Merseb.
1547 3164 1590 3218 3)
1622 3166 1740 3210 Filii
1758 3165 1954 3219 fuerunt
1984 3165 2242 3211 Christiani

345 3221 517 3264 comitis
547 3221 640 3264 sive
669 3223 947 3266 marchionis
978 3227 1019 3266 et
1043 3222 1231 3266 Hiddae
1260 3223 1320 3273 (v.
1352 3236 1496 3276 supra
1527 3235 1564 3265 c.
1590 3223 1644 3266 17
1675 3228 1716 3267 et
1742 3223 1871 3275 infra
1895 3237 1931 3267 c.
1955 3224 2055 3276 25);
2089 3223 2236 3267 Thiet-

343 3290 498 3321 rnarus
514 3278 743 3322 marchiae
758 3279 969 3323 orientali
980 3283 1083 3333 post
1097 3279 1291 3323 Gerania
1313 3285 1495 3323 mortem
1517 3280 1751 3323 institutae
1762 3280 1971 3335 praefuit
1985 3280 2235 3331 965—9783

346 3333 405 3388 cf.
429 3333 729 3390 Giesebreeht,
761 3334 879 3380 ‘Otto
909 3337 1015 3390 IL’,
1047 3337 1235 3380 Excurs
1260 3337 1321 3391 X,
1354 3338 1589 3380 Dilmrnler
1613 3349 1660 3390 p.
1686 3338 1784 3381 388.
1902 3336 1946 3389 4)
1980 3337 2098 3381 Gero
2121 3338 2236 3381 sedit

343 3392 615 3443 969—9753
663 3391 722 3446 cf.
751 3394 989 3437 Dammler
1025 3407 1076 3448 p.
1106 3395 1193 3438 467
1230 3398 1270 3437 et
1307 3393 1434 3447 infra
1464 3394 1568 3446 III,
1607 3395 1649 3437 4.
1776 3394 1821 3446 5)
1862 3395 2008 3446 Quam
2037 3407 2234 3438 sororem

341 3447 485 3499 fuisse
508 3448 701 3494 Geronis
723 3451 996 3494 marchionis
1020 3452 1137 3494 Ann.
1162 3450 1289 3495 Saxo
1313 3452 1397 3495 965
1421 3451 1574 3495 tradit.
1687 3450 1730 3505 6)
1762 3452 2015 3496 Emercitus
2034 3451 2234 3505 chalifae

343 3504 447 3546 Abu
482 3506 653 3548 Tarnim
684 3507 887 3551 Ma’add
923 3508 1166 3551 el-Ma'iee
1203 3521 1260 3551 eae
1295 3512 1425 3562 yente
1464 3508 1804 3551 Fatimidarum
1842 3509 1933 3552 orti
1967 3513 2231 3563 empuynata

342 3561 546 3616 Aeqypto
583 3563 900 3608 Palaestinam
936 3565 1127 3609 intravit
1163 3571 1205 3610 et
1242 3565 1535 3609 El-Hassan
1566 3564 1854 3620 praefectum
1886 3566 2230 3620 provinciarum
