2456 4036
229 393 353 436 1017.

193 1684 292 1724 Sept.
311 1685 363 1716 19.

232 1926 312 1959 Oet.
332 1931 362 1960 1.

232 2141 313 2175 Oct.
331 2145 364 2175 6.

386 256 470 300 232
793 252 1127 298 THlETMARI
1156 250 1373 296 CHRON.
1431 251 1547 295 LIB.
1578 252 1692 296 VIII
1723 252 1862 307 (VII).

383 383 568 450 paucis
618 380 995 434 excedentibus
1051 380 1337 432 incurrere.
1427 377 1531 430 Sed
1576 378 1769 432 Liutici
1813 378 2095 433 redeuntes
2134 381 2263 433 irati

386 452 616 505 dedecus
676 453 807 504 deae
868 452 1060 503 suimet
1118 449 1327 501 illatum
1389 455 1700 516 queruntur.
1796 449 1934 503 Nam
1991 451 2121 504 haec
2188 450 2261 523 [in

386 524 589 576 vexillis
647 520 897 593 formata]
963 539 995 573 a
1057 519 1290 588 quodam
1343 519 1686 573 Herimanni²
1735 521 2060 575 marchionis
2119 524 2261 576 socio

384 595 559 663 lapide
599 612 703 646 uno
741 594 966 645 traiecta
1005 598 1104 654 est3
1146 597 1198 644 et
1234 590 1361 643 dum
1400 590 1502 644 hoc
1538 593 1769 645 ministri
1807 595 1921 645 eius
1952 594 2263 662 imperatori

387 667 625 718 dolenter
647 664 974 727 retulissent,
1001 663 1068 716 ad
1093 662 1522 716 emendationem
1547 663 1651 715 XII
1669 664 1875 717 talenta
1898 671 2262 734 perceperunt.

387 738 457 789 Et
487 753 607 789 cum
637 737 791 787 iuxta
815 735 1015 786 Vurcin
1046 735 1317 787 civitatem
1341 733 1564 786 Mildam
1595 735 1753 787 nimis
1785 734 2008 788 effusam
2031 737 2262 789 transire

386 808 694 870 voluissent,
749 806 902 859 deam
952 823 1072 858 cum
1125 805 1301 873 egreio
1352 804 1392 856 L
1445 805 1676 858 militum
1730 808 1986 860 comitatu
2038 807 2263 860 alteram

385 878 677 948 perdidere.
767 877 900 929 Tam
947 877 1087 929 malo
1148 877 1324 929 omine
1386 876 1589 929 residui
1649 877 1864 930 domum
1914 879 2180 932 venientes
2231 897 2264 931 a

387 950 608 1004 servicio
654 950 886 1002 caesaris
932 967 989 1001 se
1033 948 1297 1001 malorum
1340 948 1597 1001 instinctu
1643 948 1951 1002 abalienare
1992 950 2263 1016 nituntur;

387 1021 479 1074 sed
534 1020 720 1074 habito
777 1027 899 1087 post
956 1020 1224 1073 communi
1273 1020 1467 1072 suimet
1510 1019 1708 1088 placito
1758 1038 1790 1072 a
1837 1020 2106 1088 prioribus
2154 1022 2265 1074 suis

386 1098 785 1146 convertuntur.
883 1091 1141 1145 Laborem
1194 1091 1350 1144 istius
1401 1091 1608 1144 itineris
1661 1099 1715 1144 et
1766 1109 2044 1145 commune
2103 1093 2265 1146 detri-

385 1171 621 1218 mentum
656 1165 776 1230 quis
814 1181 1068 1233 umquam
1099 1163 1240 1216 valet
1278 1163 1577 1230 explicare?
1651 1162 2102 1231 Inexsuperabilis
2133 1164 2266 1218 Boe-

385 1237 524 1289 miae
577 1236 808 1304 regionis
862 1236 1135 1294 introitus,
1199 1234 1292 1288 sed
1347 1234 1515 1287 multo
1575 1234 1808 1287 deterior
1867 1234 2105 1288 eiusdem
2163 1235 2267 1288 fuit

386 1309 576 1362 exitus,
667 1308 831 1360 Facta
876 1313 957 1360 est
993 1306 1126 1359 haec
1168 1305 1446 1374 expedicio
1486 1305 1554 1358 ad
1599 1307 1889 1372 perniciem
1927 1306 2119 1371 hostis3
2174 1306 2266 1360 sed

387 1381 607 1432 crimine
645 1385 825 1432 nostro
863 1378 1087 1430 multum
1134 1378 1256 1430 lesit
1293 1377 1582 1430 victoribus
1627 1378 1844 1431 nostris,
1929 1379 2081 1442 Quod
2125 1379 2266 1432 enim

386 1457 512 1504 tunc
550 1453 606 1503 in
643 1450 800 1504 nobis
839 1469 942 1502 non
981 1450 1133 1502 licuit
1170 1450 1416 1513 inimicis,
1455 1454 1730 1518 peractum
1763 1457 1842 1502 est
1871 1454 2059 1518 postea
2091 1451 2267 1503 erimi—

386 1523 543 1576 nibus
594 1523 807 1575 nostris.
907 1519 1144 1574 Defleam
1203 1538 1436 1590 quoque,
1500 1521 1639 1588 quod
1696 1521 1950 1573 Bolizlavi
2009 1521 2269 1575 satellites

387 1597 530 1648 inter
577 1594 751 1646 Albim
796 1599 850 1646 et
893 1593 1114 1645 Mildam
1161 1592 1370 1645 facinus
1415 1592 1812 1660 perpetrabant.
1902 1592 2143 1662 Namque
2195 1593 2270 1645 hii

388 1668 538 1720 iussu
569 1667 795 1719 senioris
824 1666 906 1718 sui
937 1665 1189 1718 velociter
1218 1665 1419 1732 egressi
1450 1663 1598 1718 XIII.
1623 1664 1743 1717 Kal.
1770 1664 1885 1717 Oct.
1930 1663 2077 1733 *plus
2108 1681 2269 1734 quam
2295 1680 2313 1697 *
2387 1703 2396 1712 .
2448 1654 2450 1661 ’

387 1739 532 1791 mille
570 1738 838 1806 mancipia
876 1737 929 1789 in
975 1737 1077 1789 hiis
1125 1736 1372 1805 partibus
1418 1740 1759 1803 sumpserunt
1810 1735 2146 1805 plurimaque
2189 1736 2268 1788 in-

387 1810 572 1863 cendio
610 1810 715 1862 late
755 1816 1126 1861 consumentes
1164 1825 1417 1877 prospero
1456 1808 1646 1860 itinere
1686 1812 2041 1861 revertuntur.

531 1913 613 1964 65.
655 1908 788 1979 (48.)
851 1908 1132 1977 Inperator
1177 1913 1352 1960 autem
1405 1907 1522 1961 Kal.
1557 1906 1771 1960 Octobr.
1812 1905 2092 1975 Mersburg
2129 1906 2271 1960 venit

387 1982 570 2050 ibique
609 1980 976 2034 Ekkihardum
1018 1979 1197 2033 Novae
1235 1979 1502 2031 civitatisl
1533 1978 1798 2042 abbatem,
1838 1984 1890 2032 et
1930 1977 2054 2031 huie
2083 1977 2269 2031 XXIII

388 2071 556 2108 annos
588 2060 641 2106 et
676 2053 720 2104 V
752 2070 958 2105 menses
988 2051 1350 2121 presidentem
1389 2050 1646 2118 Pragensi
1676 2050 1900 2120 prefecit
1929 2050 2219 2103 aecclesiae
2233 2048 2270 2114 2,

390 2125 615 2179 eundem
656 2124 725 2178 II.
752 2124 886 2178 Non.
913 2123 1193 2176 Novembr.
1233 2122 1302 2175 ab
1334 2122 1711 2175 Erkaenbaldo
1749 2122 2111 2190 archipresule
2150 2139 2271 2175 con-

389 2215 548 2251 sensu
586 2213 703 2249 meo
742 2197 1044 2248 consecrari
1081 2195 1396 2264 precipiens
1474 2194 1558 2246 Ibi
1596 2200 1722 2247 tunc
1756 2194 2011 2247 Bolizlavi
2045 2193 2271 2246 nuncius

389 2269 698 2322 Liudulfum
736 2269 977 2320 iuvenem
1018 2267 1108 2319 diu
1149 2264 1452 2334 captivum3
1498 2267 1700 2319 remitti
1749 2266 1996 2333 promisit
2040 2282 2271 2334 suosque

390 2342 587 2394 milites
627 2339 770 2409 apud
808 2357 906 2392 nos
943 2338 1098 2391 firma
1137 2338 1379 2390 detentos
1411 2337 1656 2390 custodia
1685 2355 1780 2407 pro
1812 2339 1926 2390 eius
1958 2336 2270 2390 liberatione

392 2413 620 2466 relaxari
674 2412 836 2479 peciit
895 2417 960 2473 et,
1016 2412 1061 2463 si
1113 2411 1345 2478 aliquem
1399 2411 1707 2477 imperatori
1761 2410 2013 2462 nuncium
2067 2408 2132 2460 de
2185 2426 2272 2460 ac-

390 2485 653 2554 quirenda
691 2482 926 2536 eiusdem
965 2483 1140 2551 gratia
1178 2482 1388 2535 mittere
1426 2481 1678 2544 licuisset,
1719 2481 2001 2550 diligenter
2030 2480 2269 2549 inquirit.

394 2557 621 2610 Assiduo
680 2556 979 2624 principum
1042 2555 1237 2607 suimet
1295 2554 1596 2605 interventu
1655 2570 1807 2606 cesar
1863 2553 1967 2605 hiis
2028 2550 2272 2604 omnibus

392 2646 671 2682 assensum
708 2627 925 2696 prebuit
963 2631 1014 2678 et
1051 2636 1178 2678 tunc
1207 2626 1379 2694 primo
1412 2626 1654 2693 conperit
1683 2624 2010 2677 Ruszorumb
2041 2621 2271 2691 regem4‚

392 2700 470 2773 [ut
495 2700 597 2752 sibi
620 2717 715 2769 per
738 2696 1148 2768 internuncium]
1178 2697 1423 2766 promisit
1458 2694 1666 2769 [suum],
1699 2697 2020 2750 Bolizlavum
2045 2695 2272 2764 peciisse

394 2774 572 2841 nilque
618 2772 692 2823 ibi
740 2771 805 2824 ad
854 2769 1042 2823 urbem
1086 2769 1421 2837 possessam5
1467 2767 1754 2836 proficisse.
1835 2767 2007 2820 Huius
2052 2784 2270 2835 regnum

391 2844 632 2914 prefatus
671 2843 779 2894 dux
818 2849 1005 2910 postea
1044 2859 1163 2894 cum
1203 2842 1438 2893 exercitu
1484 2839 1738 2892 invadens
1787 2857 2040 2908 generum
2079 2838 2275 2892 suimet

394 2923 446 2969 et
477 2916 701 2969 fratrem
734 2913 883 2968 eius6
914 2914 1006 2965 diu
1038 2913 1317 2982 expulsum
1349 2912 1729 2964 inthronizavit·
1760 2919 1811 2964 et
1841 2911 2060 2964 hilaris⁰
2096 2909 2274 2962 rediit.

394 3063 430 3091 a]
462 3060 682 3134 lheremanni
711 3068 800 3091 corr.
832 3058 1039 3090 herimanni
1063 3057 1105 3096 C,
1137 3058 1287 3097 iposfea
1312 3066 1444 3088 erasum
1481 3059 1512 3088 1.
1600 3055 1638 3096 b)
1675 3065 1868 3087 ruszurum
1904 3055 1946 3095 Ο,
1986 3054 2047 3086 sed
2079 3055 2151 3094 ipae
2183 3062 2273 3086 corr.

393 3104 426 3137 c]
478 3104 590 3134 »iralis
614 3104 656 3142 G:
682 3102 804 3134 hitalis
832 3103 870 3133 Τ.

397 3221 437 3270 1)
472 3219 722 3273 Nienbmy.
839 3217 882 3269 2)
915 3216 1001 3260 Cui
1017 3215 1224 3270 praefuit
1248 3214 1542 3259 1017—1023.
1659 3213 1702 3263 3)
1736 3214 1870 3256 Anno
1897 3213 2006 3257 1015
2037 3227 2065 3256 (ι
2088 3213 2274 3256 Polom‘s

395 3284 604 3331 οιψτ1ιηι;
636 3277 694 3328 cf.
719 3289 862 3329 supra
888 3289 923 3318 c.
943 3279 1010 3317 2’1.
1109 3275 1152 3323 4)
1186 3273 1488 3326 [ceresia-vum,
1507 3271 1707 3326 primum
1736 3270 2002 3314 Wladimiri
2016 3272 2056 3313 I.
2081 3270 2122 3320 (†
2145 3268 2271 3323 1015)

395 3335 553 3387 filium,
585 3335 664 3389 qui
691 3333 1056 3386 Suentopulczcm.
1089 3331 1308 3374 Ruriciae
1336 3330 1482 3385 yemis
1507 3329 1775 3384 principem,
1807 3328 2045 3382 Iaropulci
2063 3326 2213 3382 fili-um
2243 3341 2273 3370 a

409 3391 676 3434 Wladimiro
716 3390 980 3444 adoptatum
1010 3394 1064 3432 ,et
1098 3389 1328 3432 Boleslavi
1367 3388 1498 3431 ducis
1525 3399 1753 3442 ymerum,
1793 3399 1845 3428 ex
1876 3399 2013 3441 reyno
2042 3384 2275 3439 expulerat

396 3454 437 3491 ei
469 3450 531 3491 ced
561 3462 759 3492 socer-com
794 3446 1034 3502 confuyere
1065 3451 1281 3501 coeyerat.
1353 3444 1479 3495 Confi.
1511 3442 1639 3497 infra-
1670 3457 1705 3487 c.
1731 3444 1912 3493 72—74‚
1956 3443 2047 3493 IX,
2079 3442 2273 3492 31—33;

399 3505 574 3555 Seram,
613 3505 790 3549 ‘Gesch.
823 3506 866 3548 d.
896 3517 1016 3548 rus-8.
1051 3503 1220 3547 staats’
1252 3504 1293 3552 I,
1327 3502 1577 3545 155—1515.
1652 3503 1724 3544 De
1754 3501 1930 3543 nomine
1959 3514 1998 3544 v.
2028 3499 2117 3552 IV,
2148 3499 2204 3543 45
2234 3504 2276 3542 et

401 3563 484 3615 VI,
517 3565 584 3606 11.
723 3563 765 3614 ὃ)
815 3563 886 3606 De
923 3575 1014 3617 qna
1045 3561 1274 3604 obsidione
1304 3565 1493 3603 ceterum
1532 3558 1648 3601 nihil
1683 3563 1868 3602 constat.
2007 3559 2049 3610 6>
2096 3555 2276 3600 Scilicet

398 3618 762 3674 iS'uentopulcuon,
793 3632 1002 3673 ymerum
1037 3632 1167 3662 suum
1200 3623 1239 3661 et
1257 3618 1459 3669 fratrem
1491 3616 1733 3659 Iuro-slavi.
