2456 4036
628 288 961 332 THIETMARI
993 286 1207 332 CHRON.
1267 288 1380 332 LIB.
1410 288 1498 331 VII
1531 288 1641 341 (VI).
1986 291 2068 334 185

200 430 457 482 pauperes
489 430 614 466 suos
644 413 770 465 fidei
802 415 1063 467 commisit
1097 433 1259 467 meae.
1338 415 1542 466 Dehinc
1572 415 1899 466 camerarius
1930 415 2065 466 eius-
2098 425 2222 469 1013.

200 485 317 536 dem
357 483 573 536 effectus
613 502 741 539 sum.
817 485 920 537 Sed
958 502 1078 537 cum
1116 486 1203 538 ille
1241 487 1376 553 pius,
1417 504 1574 553 quam
1614 503 1821 551 semper
1851 485 2065 552 optavit,
2089 481 2168 512 ¹³¹¹·
2188 483 2219 514 3·

199 554 478 607 caelestem
532 563 775 622 pergeret
828 556 894 607 ad
950 557 1202 624 patriam,
1260 562 1435 608 vestra
1491 557 1746 608 electione
1803 557 2066 608 communi

199 630 252 677 et
294 643 511 677 munere
555 626 722 693 regali
766 626 890 678 huic
934 627 1182 694 indignus
1229 627 1589 682 succedebam.
1679 627 1869 690 Omne,
1923 628 2064 695 quod

198 697 420 748 invicem
457 699 806 762 peccavimUS,
853 715 1032 749 amore
1073 698 1271 750 Christi
1310 716 1373 749 ex
1410 699 1567 751 corde
1611 700 1959 756 remittamus,
2006 704 2066 750 ut

196 785 314 819 cum
367 767 507 819 bona
557 785 688 834 pace
744 766 924 838 [nunc]
980 769 1212 836 separati
1277 787 1575 821 mereamur
1635 771 1690 821 in
1743 769 1828 821 die
1879 769 2064 821 ultimo

59 877 69 889 .
145 854 168 888 ⁴.
199 836 433 908 [iterum]
488 839 694 893 sociari.
790 839 930 890 *Hoc
979 840 1034 890 in
1087 841 1336 892 extremis
1388 842 1603 892 meimet
1654 841 1866 893 salubre
1917 840 2064 893 vobis
2088 857 2318 896 Annonem.

196 908 475 960 consilium
536 909 624 972 dc'),
688 915 745 962 ut
804 910 1103 973 Oddonem,
1165 912 1256 978 qui
1315 910 1667 963 fraternitatis
1718 917 1925 964 vestrae
1985 916 2066 964 est

192 981 506 1048 particepsa,
539 982 803 1032 communi
834 987 1140 1033 nostrorum
1173 999 1431 1034 consensu
1462 983 1530 1034 ad
1559 989 1818 1035 rectorem
1849 988 2063 1034 nostrae

195 1051 436 1118 eligatisb
473 1051 764 1103 aecclesiae
813 1059 866 1104 et
903 1053 972 1104 ad
1010 1053 1296 1104 utilitatem
1344 1054 1564 1120 patriae.
1605 1054 1836 1105 divinam
1869 1054 2062 1122 suppli-

193 1129 376 1174 cantes
420 1122 698 1189 pietatem,
746 1124 798 1174 in
845 1125 995 1175 cuius
1041 1141 1201 1176 manu
1246 1141 1335 1175 cor
1378 1125 1517 1191 regis
1563 1131 1663 1190 est,
1711 1127 1963 1193 quatinus
2008 1125 2063 1176 id

194 1192 295 1245 sibi
338 1193 531 1261 placite
574 1193 916 1261 perficiatur.'
1009 1195 1160 1246 Talia
1203 1195 1508 1247 hortantem
1555 1213 1734 1248 omnes
1773 1196 2064 1248 exaudiunt

193 1268 246 1315 et
293 1265 375 1315 sui
422 1264 826 1317 benivolentiam
878 1274 930 1317 et
977 1267 1405 1333 procurationem
1454 1267 1776 1320 unanimiter
1828 1267 2063 1321 laudant.

194 1334 438 1388 Crastino
484 1335 751 1388 dominica
797 1337 910 1388 dies
954 1337 1152 1400 illuxit,
1200 1343 1252 1389 et
1297 1337 1384 1389 ille
1429 1337 1618 1389 beatus
1662 1344 1816 1406 pater
1859 1355 2061 1390 summo
2086 1352 2166 1386 lan.
2183 1356 2216 1387 4.

190 1407 396 1471 pastori
442 1424 650 1474 gregem
697 1407 800 1459 sibi
845 1407 1114 1460 subditum
1161 1408 1408 1460 manibus
1454 1409 1671 1461 elevatis
1713 1427 1829 1461 cum
1870 1410 2059 1475 spiritu

191 1478 524 1529 committens
585 1478 655 1531 ΙΙ.
702 1479 835 1533 Non.
886 1478 1070 1532 Fabul
1132 1479 1412 1533 defunctus
1470 1482 1662 1548 pergit,
1731 1499 1834 1548 quo
1886 1482 2062 1532 vivens

189 1548 428 1600 tetendit.
504 1550 702 1601 Fuerat
739 1553 878 1602 enim
916 1568 1053 1602 unus
1088 1568 1151 1602 ex
1182 1568 1400 1603 numero
1432 1569 1628 1616 eorum,
1668 1569 1797 1619 quos
1827 1561 1880 1603 ut
1910 1553 2061 1604 nubes
2085 1568 2239 1610 lsai-60,
2261 1571 2293 1602 8-

188 1628 235 1671 et
271 1621 422 1688 quasi
459 1620 718 1673 columbas
754 1621 1016 1689 propheta
1054 1623 1280 1674 miratur
1317 1642 1438 1674 suas
1473 1623 1647 1675 volare
1684 1624 1756 1674 ad
1780 1623 2060 1692 fenestras.

189 1689 287 1742 Ille
326 1692 465 1742 enim
506 1691 572 1744 ob
609 1693 908 1759 vigiliarum
949 1699 1002 1744 et
1046 1693 1232 1745 ieiunii
1277 1693 1670 1757 assiduitatem,
1717 1694 1840 1746 dum
1887 1694 2061 1746 adbuc

186 1762 402 1827 valeret,
436 1764 591 1830 quasi
617 1769 856 1817 mortuus
881 1765 1076 1831 ignotis
1098 1765 1393 1817 videbatur.
1439 1765 1517 1816 Ad
1543 1765 1711 1817 altare
1737 1765 2059 1817 dominicum

187 1851 476 1901 numquam
508 1835 622 1886 sine
652 1834 1017 1887 oblacionibus
1049 1836 1295 1899 accessit3
1339 1836 1586 1888 assiduus
1618 1837 1803 1903 populi
1834 1838 2062 1889 monitor

188 1908 240 1956 et
282 1904 471 1957 hilaris
516 1905 761 1967 omnibus
806 1907 989 1958 arrisit
1034 1906 1207 1959 dator.
1290 1907 1341 1959 Is
1379 1925 1504 1975 erga
1545 1908 1711 1959 Deum
1752 1908 2060 1975 promeruit,

186 1975 329 2043 quod
373 1976 512 2028 inter
556 1979 834 2029 continuas
880 1978 1085 2044 piratae
1130 1977 1357 2030 furentis
1402 1979 1730 2030 incursiones
1776 1979 1916 2030 sedis
1964 1997 2060 2031 sua

186 2046 446 2099 hactenus
483 2049 778 2116 permansit
815 2049 1031 2104 intacta.

327 2147 410 2200 29.
466 2146 599 2216 (54.)
671 2147 884 2200 Interea
935 2166 1031 2199 rex
1082 2147 1147 2200 de
1201 2147 1398 2200 Alstidi
1451 2148 1748 2212 discedenS,
1805 2150 1898 2201 ubi
1951 2151 2059 2216 epi·
2082 2166 2213 2200 Ian.6.

183 2216 435 2284 phaniam
489 2219 702 2270 Domini
746 2219 1030 2272 celebravit
1081 2224 1134 2271 et
1183 2219 1431 2272 Bolizlavi
1476 2222 1691 2272 nuntios
1736 2239 1921 2287 pacem
1964 2239 2059 2289 po-

182 2293 387 2342 scentes
434 2294 487 2342 et
531 2289 986 2343 confirmationem
1032 2308 1149 2343 cum
1188 2290 1456 2343 Misecone
1509 2292 1743 2344 eiusdem
1790 2292 1897 2345 filio
1940 2292 2058 2346 fieri

180 2361 551 2427 promittentes
589 2361 807 2429 audivit,
849 2361 919 2414 ad
949 2362 1257 2429 Merseburg
1294 2363 1456 2427 venit3
1504 2368 1557 2415 et
1593 2363 1786 2415 ibidem
1828 2364 2057 2431 predicti

148 2432 439 2485 .antistitis
490 2432 689 2485 obitum
737 2433 996 2500 comperit
1047 2432 1128 2485 *et
1171 2434 1312 2486 hunc
1359 2436 1600 2502 queritur
1645 2435 1711 2486 ob
1755 2441 2054 2503 presentem

180 2501 428 2567 fructum,
460 2504 761 2571 gratulatur
790 2510 968 2557 autem
998 2509 1216 2572 propter
1245 2505 1651 2573 subsequentem
1683 2507 2053 2571 interventum,

178 2573 604 2628 recordationem
648 2576 763 2627 eius
809 2593 1089 2644 sumopere
1134 2575 1349 2630 faciens,
1437 2577 1564 2629 Post
1607 2577 1738 2630 haec
1783 2579 1977 2631 transit
2022 2598 2053 2630 a

180 2644 331 2697 nobis
388 2651 440 2698 et
484 2646 910 2713 purificationem
957 2652 1174 2700 sanctae
1225 2648 1326 2701 Dei
1371 2649 1643 2716 genitricis
1698 2650 1751 2701 in
1799 2649 2052 2717 Magada-
2076 2664 2184 2698 Febr.
2202 2668 2234 2698 2.

177 2715 313 2785 burg
364 2717 665 2772 celebravit.
767 2719 835 2772 Et
894 2720 950 2770 in
1004 2718 1123 2787 ipsa
1181 2718 1267 2771 die
1319 2720 1589 2786 predictus
1643 2720 1791 2773 Oddo
1845 2721 2051 2774 clericis
2074 2735 2307 2776 Anu-Quodl-

177 2788 554 2841 comitantibus
599 2807 662 2842 ac
706 2789 858 2842 laicis
904 2790 1128 2858 supplex
1174 2792 1327 2855 venit,
1378 2797 1428 2843 et
1465 2793 1605 2858 regis
1642 2793 1868 2860 gratiam
1914 2795 2053 2844 sicut

175 2860 325 2928 prius
392 2860 461 2912 ad
513 2861 924 2928 complecionem
985 2861 1263 2914 eleccionis
1333 2880 1428 2928 per
1485 2863 1618 2915 fidos
1680 2864 2050 2916 intercessores

176 2931 424 2998 postulat.
507 2932 649 2995 Quos
693 2951 788 2984 rex
831 2933 1132 2986 nullatenus
1178 2934 1351 2998 audit,
1399 2934 1492 2986 sed
1538 2934 1811 3002 capellano
1858 2936 2050 2987 suimet

175 3001 441 3054 Unwano⁰
486 3021 606 3056 cum
643 3004 801 3056 laude
839 3003 1247 3069 advenientium,
1299 3006 1400 3058 etsi
1437 3023 1540 3058 non
1580 3011 1887 3073 spontanea,
1939 3008 2048 3074 epi-

178 3078 452 3142 scopatum
492 3074 660 3139 dedit,
702 3074 978 3127 Oddonem
1015 3093 1110 3144 per
1147 3093 1335 3129 manus
1373 3078 1670 3145 succipiens
1709 3083 1762 3129 et
1791 3078 2050 3144 promissa

177 3144 280 3196 sibi
320 3146 521 3212 pietate
562 3146 881 3199 demulcens,
957 3147 1104 3199 Tunc
1142 3147 1291 3200 iussu
1329 3149 1468 3215 regis
1507 3154 1559 3200 et
1603 3150 1870 3215 presentia
1915 3149 2047 3201 eius-

174 3286 209 3327 a)
232 3288 391 3327 partipes
416 3290 447 3320 1.
536 3287 574 3330 b)
598 3289 776 3328 eligamus
803 3291 844 3329 R,
867 3299 955 3321 corr.
978 3292 1015 3320 Τ.
1106 3290 1140 3331 c)
1166 3299 1336 3322 unuuano
1360 3300 1448 3323 corr.
1473 3299 1616 3322 unuano
1640 3293 1659 3322 1
1682 3294 1711 3321 et
1735 3292 1783 3322 ita
1807 3291 1915 3326 infra.

175 3402 217 3454 1)
250 3402 368 3446 Obiit
395 3404 470 3446 ille
499 3405 604 3447 Ian.
628 3405 654 3447 4
685 3404 931 3447 secundum
962 3404 1140 3449 Necrol.
1164 3406 1338 3448 Luneb.
1371 3411 1412 3448 et
1433 3406 1599 3449 Adam.
1631 3408 1875 3455 Bremens„
1907 3412 1949 3450 et
1977 3407 2044 3451 ita

173 3458 306 3503 etiam
332 3459 634 3504 Thietmarum
660 3461 852 3504 scribere
874 3462 1065 3504 voluisse
1095 3475 1148 3504 ecc
1179 3463 1462 3517 sequentibus
1493 3469 1697 3517 apparet.
1761 3465 1885 3506 Haec
1908 3465 2042 3507 etiam

173 3516 266 3559 dies
307 3530 426 3560 anno
470 3519 580 3561 1013
623 3518 846 3561 dominica
884 3517 986 3571 fuit.
1043 3519 1098 3561 L.
1170 3519 1310 3561 Hunc
1349 3533 1519 3575 quoqu-e
1556 3521 1673 3563 diem
1715 3522 1918 3564 dubitari
1951 3535 2042 3565 non

166 3578 332 3626 potest,
373 3575 481 3629 quin
513 3575 798 3618 Thietmarus
836 3576 884 3617 in
921 3580 1049 3628 parte
1085 3576 1165 3618 illa
1211 3577 1387 3619 Necrol.
1420 3578 1612 3620 M‘erseb.
1651 3592 1771 3622 mmc
1810 3579 2041 3632 deperdita

170 3630 396 3673 invenerit.
