2456 4036
282 351 405 394 1012.

238 1924 335 1965 Aug.
353 1926 407 1957 20.

238 2425 334 2466 Aug.
352 2428 405 2459 22.

235 3073 335 3112 Sept.
352 3073 405 3104 21.

437 216 522 260 180
862 214 1198 258 THIETMARI
1229 212 1442 258 CHRON.
1504 213 1618 257 LIB.
1649 213 1739 256 VII
1771 214 1883 268 (VI).

2420 242 2440 347 ἐ

438 346 490 393 61
527 341 798 409 obprobrii
834 341 900 392 ob
939 342 1289 391 mutationem
1337 339 1714 407 subsequuturi
1755 339 1887 393 haec
1924 340 2133 393 locutus
2172 359 2306 406 sum,
2332 359 2456 405 *χαις

437 413 643 464 minora
673 429 832 479 quam
861 411 1105 472 *fuerint⁷
1147 412 1274 477 quia
1304 416 1426 478 post
1458 428 1511 462 se
1544 411 1814 462 meliorem
1845 412 2054 464 nullum
2076 412 2310 480 reliquit

439 484 562 535 Post
582 484 739 534 huius
761 482 1086 548 sepulturam
1103 480 1328 533 Hericus
1349 483 1572 533 antistes
1594 500 1659 534 ex
1677 488 1864 534 nostra
1879 487 2030 550 parte
2047 482 2117 535 ad
2132 500 2311 551 regem

436 571 557 605 cum
590 554 844 604 electione
875 552 1121 614 mittitur,
1155 553 1242 603 cui
1273 569 1397 604 mox
1429 553 1709 619 epistolam
1743 553 1808 606 de
1831 554 2122 606 aecclesiae
2147 554 2312 606 detri-

437 630 610 676 mento
660 620 851 694 [meae]
901 623 1210 691 inscriptam
1258 634 1310 676 et
1355 626 1495 692 regis
1542 623 1878 676 clementiam
1924 631 2311 678 ammonentem

436 712 692 747 comm1s1.

576 766 659 818 20.
721 762 855 834 (48.)
944 765 1164 817 Interim
1223 765 1559 818 Bolizlavusl
1619 766 1684 818 de
1743 784 1871 819 nece
1931 766 2312 835 archipresulis

434 843 611 889 certus
657 842 971 904 congregato
1009 837 1246 889 exercitu
1281 836 1590 901 Libusuam,
1634 837 1698 889 de
1729 855 1836 906 qua
1865 837 2088 906 predixi,
2127 839 2310 906 peciit3

432 914 485 960 et
522 907 650 975 quia
688 906 905 970 sciebat,
953 907 1020 959 ob
1060 906 1369 960 effusionem
1408 908 1556 961 Albis
1594 927 1658 961 ex
1696 918 1883 962 nostra
1918 915 2071 976 parte
2109 910 2310 962 nullum

432 978 653 1032 urbanis
705 995 860 1046 posse
912 979 981 1030 ad
1042 980 1299 1031 auxilium
1350 981 1551 1043 venire,
1612 985 2024 1034 castrametatus
2085 992 2163 1033 est
2218 981 2309 1034 ibi.

431 1050 586 1102 Miles
642 1048 799 1121 [eius]
855 1049 924 1102 ad
977 1049 1174 1103 bellum
1226 1051 1473 1104 hortatus
1533 1054 1780 1116 accessit,
1842 1057 1895 1105 et
1946 1051 2192 1105 defensor
2243 1051 2314 1104 ad

432 1121 699 1174 modicum
735 1121 953 1175 resistit.
1036 1121 1286 1189 Magnam
1324 1124 1465 1174 enim
1503 1122 1642 1176 hanc
1677 1123 1862 1176 urbem
1901 1123 1977 1175 nil
2022 1124 2126 1175 nisi
2169 1124 2314 1176 mille

433 1194 673 1245 homines
711 1193 1022 1258 tuebantur,
1071 1195 1158 1246 cui
1196 1195 1282 1246 vix
1318 1199 1401 1247 ter
1437 1194 1660 1247 totidem
1698 1200 2087 1264 suppeterenta.
2174 1195 2314 1247 Boli-

433 1265 611 1317 zlavus
661 1264 728 1316 ad
774 1264 1060 1331 prandium
1106 1265 1327 1318 sedebat
1375 1271 1429 1317 et
1472 1267 1730 1319 satellites
1777 1284 1898 1319 81108
1941 1268 2048 1319 16111
2087 1267 2313 1319 victores

432 1336 619 1389 urbem
648 1336 856 1404 ingredi
886 1336 1124 1404 gaudens
1157 1336 1419 1389 cernebat.
1482 1338 1644 1390 Porta
1673 1339 1912 1405 aperitur
1941 1344 1994 1390 et
2024 1339 2311 1391 multorum

433 1408 649 1475 sanguis
699 1407 1006 1462 effunditur.
1093 1408 1392 1476 Capiuntur
1442 1407 1530 1479 [ex
1577 1408 1703 1480 hiis]
1757 1410 1942 1478 optimi
1987 1409 2313 1462 Guncelinus

431 1497 494 1532 ac
533 1479 714 1531 Wisob
768 1486 821 1531 et
876 1479 1113 1532 eiusdem
1173 1481 1359 1533 infelix
1419 1486 1599 1533 custos
1646 1480 1799 1534 86111θ
1846 1481 2168 1534 vulneratus
2260 1480 2314 1533 Is

430 1568 660 1620 namque
700 1550 905 1614 urbem,
953 1569 1345 1620 quamcumque
1384 1570 1634 1620 umquam
1674 1552 1744 1604 ad
1788 1552 2046 1605 tuendum
2091 1552 2311 1620 accepit,

434 1620 581 1695 [11011]
622 1623 836 1690 ignavia
874 1624 979 1687 sui,
1037 1623 1129 1676 sed
1177 1623 1473 1675 infortunio
1526 1623 1822 1676 miserabili
1867 1642 2075 1692 semper
2119 1624 2314 1678 amisit.

436 1695 523 1746 Hii
568 1711 749 1746 omnes
795 1695 940 1747 ducti
988 1701 1114 1747 sunt
1158 1696 1212 1746 in
1257 1696 1585 1763 presentiam
1635 1696 1850 1764 superbi
1887 1694 2313 1762 triumphatoriS,

430 1767 585 1818 cuius
623 1765 804 1820 edictu
842 1784 964 1818 mox
1002 1767 1071 1818 ad
1109 1766 1517 1819 custodiendum
1556 1767 1775 1819 abducti
1815 1772 1953 1820 sunt.
2035 1767 2118 1819 Ex
2155 1767 2314 1820 sociis

431 1843 613 1890 autem
650 1837 877 1906 predicti
917 1838 1068 1891 ducis
1105 1856 1213 1890 non
1252 1839 1426 1890 minus
1464 1857 1623 1906 quam
1664 1837 1960 1907 quin*genti
1996 1837 2193 1891 ibidem
2231 1856 2314 1892 re·
2338 1854 2355 1872 *

431 1915 757 1962 manserunt.
833 1910 999 1962 Facta
1037 1915 1118 1962 est
1147 1928 1269 1963 vero
1307 1911 1440 1963 haec
1477 1911 1801 1963 miserabilis
1833 1910 1988 1963 cedes
2018 1910 2168 1964 XIII.
2193 1909 2313 1962 Kal.

432 1979 626 2050 Sept.2.
703 1981 888 2033 Divisa
935 1988 1064 2034 tunc
1109 1983 1313 2034 inmani
1356 1981 1525 2050 preda
1570 2000 1634 2035 ac
1678 1982 1810 2035 urbe
1855 1983 2074 2034 incensa
2123 1982 2316 2034 victrix

430 2054 592 2106 turba
629 2070 750 2105 cum
789 2053 994 2105 seniore
1033 2070 1127 2106 suo
1165 2055 1310 2106 laeta
1346 2053 1524 2108 rediit.

574 2126 659 2178 21.
700 2124 834 2194 (49.)
905 2122 1023 2196 [Ab]
1064 2126 1410 2178 internuntiis
1448 2124 1827 2178 festinantibus
1865 2124 1999 2177 haec
2035 2125 2220 2192 regina
2257 2124 2313 2176 in

434 2196 744 2264 Merseburg
795 2202 923 2248 111116
972 2214 1191 2249 1116116118
1245 2197 1531 2265 conperitd.
1631 2197 1742 2265 Ego
1796 2202 1989 2258 autem,
2051 2196 2314 2265 prepositi

431 2270 558 2322 dum
602 2272 785 2321 ortatu
823 2268 1049 2336 Redingi
1093 2268 1200 2321 duo
1247 2268 1465 2333 altaria⁷
1511 2287 1697 2332 111111111,
1744 2268 1837 2320 ubi
1881 2267 2315 2336 archiepiscopus

429 2341 740 2408 requiescit,
787 2345 842 2392 et
885 2339 1035 2392 aliud
1079 2341 1135 2392 in
1180 2340 1604 2408 septemtrionali
1649 2340 1884 2393 eiusdem
1929 2340 2117 2407 templi
2160 2344 2315 2408 parte

430 2413 521 2466 XI.
570 2412 689 2463 Kal.
738 2410 1064 2478 Septembris
1131 2412 1434 2464 dedicarem
1493 2412 1764 2480 indignus,
1833 2411 1889 2464 in
1949 2410 2317 2480 Magadaburg

429 2485 679 2554 primitus
711 2482 766 2534 id
797 2484 987 2535 rescivi
1028 2487 1081 2535 et
1111 2500 1236 2536 mox
1266 2483 1337 2535 ad
1373 2485 1614 2551 reginam
1643 2483 1895 2536 velociter
1925 2482 2050 2537 abii.
2119 2482 2315 2535 Omnes

431 2573 528 2609 nos
578 2555 1032 2623 conprovinciales
1083 2556 1236 2608 iuxta
1288 2555 1512 2608 Mildam
1565 2554 1748 2607 sedere
1801 2561 1854 2607 et
1905 2554 1974 2606 ad
2026 2554 2315 2607 adventum

429 2628 570 2696 regis
621 2627 755 2679 haec
807 2627 985 2679 omnia
1047 2627 1330 2695 providere
1391 2627 1458 2680 ab
1520 2644 1583 2679 ea
1631 2626 1767 2679 iussi
1812 2643 2010 2679 sumus,
2093 2626 2314 2678 Interim

429 2718 523 2752 rex
553 2699 621 2751 ab
653 2698 988 2767 expeditione
1031 2698 1350 2752 occidentali
1379 2699 1666 2752 revertitur
1706 2702 1760 2751 et
1789 2696 2090 2752 Geronem3
2119 2698 2316 2750 suimet
2396 2688 2431 2750 [1

429 2771 794 2840 capellanume
825 2787 1020 2836 ponere
1051 2771 1107 2822 in
1138 2771 1389 2823 vacuumf
1418 2776 1657 2825 conatur.
1718 2769 1858 2823 Huic
1881 2769 2064 2838 presul
2085 2768 2315 2822 Hericus

430 2859 716 2896 occurrens
762 2847 844 2894 etg
893 2842 1247 2910 legationemh
1300 2840 1490 2914 [suam]
1536 2842 1791 2910 aperiens
1843 2859 1946 2895 non
1991 2840 2314 2893 exaudituri.

434 2912 794 2987 [Thiedricus]
849 2931 1014 2983 nepos
1059 2932 1209 2966 meus
1259 2912 1428 2985 [tunc]
1487 2912 1557 2966 ad
1602 2912 1872 2967 Gronam4
1916 2917 2134 2965 vocatus
2171 2913 2316 2965 venit
2404 2883 2419 2955 l

431 2993 484 3040 et
521 3004 553 3038 a
590 3003 712 3054 rege
749 3003 845 3054 per
882 3003 1072 3038 manus
1111 2986 1405 3053 succipitur
1450 2991 1504 3038 et
1549 2986 1605 3038 in
1642 2986 1755 3037 vice
1794 2984 2021 3037 Geronis
2065 2983 2314 3053 deinceps

431 3058 673 3112 habetur.
742 3057 805 3109 In
842 3057 1012 3110 1161611
1049 3058 1221 3110 8611611
1252 3057 1454 3110 Mathei
1491 3057 1720 3126 apostoli
1753 3074 1847 3109 rex
1878 3056 1947 3109 ad
1979 3055 2277 3109 Sehusunk·
2291 3055 2314 3093 5
2383 3024 2418 3078 Ξ]

432 3157 467 3199 a)
503 3161 676 3198 superent
700 3159 735 3199 Ο,
767 3167 856 3190 corr.
879 3157 918 3190 T.
1031 3157 1069 3199 b)
1106 3158 1214 3189 wisso
1239 3157 1274 3196 0,
1299 3158 1405 3197 prius
1429 3166 1446 3188 s
1468 3159 1597 3195 puncto
1627 3158 1772 3189 deletum
1796 3159 1828 3189 1.
1938 3155 1971 3197 6)
2006 3156 2064 3187 cih
2090 3156 2126 3197 Ο,
2156 3165 2245 3187 corr.
2264 3157 2315 3194 T,-

432 3201 531 3234 Isich
554 3202 599 3233 A.
616 3202 654 3233 S.
757 3200 795 3241 d)
820 3204 834 3232 t
857 3201 942 3233 add.
963 3202 1003 3233 T.
1107 3201 1142 3241 e)
1176 3209 1195 3232 6
1218 3200 1302 3231 add.
1324 3201 1364 3232 Τ.
1467 3198 1497 3240 f)
1527 3209 1575 3232 ua.
1597 3201 1690 3233 deest
1713 3201 1864 3232 eoecieum
1887 3202 1921 3231 1.
2023 3200 2061 3238 g)
2083 3204 2120 3231 et
2141 3199 2235 3230 deest
2256 3208 2314 3231 ex-

433 3247 542 3277 cisum
565 3247 595 3278 1.
696 3243 736 3283 h)
769 3246 861 3276 inter
882 3245 1087 3276 vocabulum
1109 3244 1326 3284 legationem
1350 3243 1388 3275 in
1410 3244 1490 3274 initi
1478 3253 1511 3274 zo
1532 3246 1725 3276 15.1ineae
1741 3245 1892 3284 positum
1916 3244 1947 3274 et
1970 3251 2090 3282 cuum,
2119 3251 2142 3274 a
2163 3251 2231 3282 quo
2253 3243 2311 3274 14.

431 3287 579 3327 orditur,
611 3289 771 3328 leguntur
801 3288 932 3319 litterae
962 3296 1033 3320 cuu
1056 3297 1079 3318 a
1101 3286 1130 3319 Ο
1155 3289 1329 3324 exaratae,
1358 3288 1420 3326 qui
1450 3288 1505 3318 14
1530 3289 1656 3319 lineam
1684 3288 1882 3327 scripturus
1912 3287 1984 3317 loco
2006 3265 2118 3326 pau'zo
2147 3286 2312 3320 inferiore
2386 3266 2434 3306 =³

432 3332 599 3371 coeperat,
614 3331 728 3362 atatim
743 3333 854 3362 autem
870 3331 983 3363 denuo
1000 3339 1142 3362 exorsus
1158 3330 1239 3362 illae
1254 3328 1365 3361 delere
1380 3330 1504 3361 oblitus
1519 3333 1578 3362 eet.
1635 3331 1663 3371 i)
1686 3339 1733 3362 au
1748 3329 1833 3362 add.
1853 3330 1893 3361 T.
1950 3327 1991 3370 k)
2013 3329 2094 3360 sein
2110 3328 2147 3370 0,
2163 3337 2252 3360 corr.
2270 3329 2311 3360 Τ.

434 3402 476 3457 1)
516 3403 632 3446 Dux
661 3403 895 3447 Polom'ae.
1024 3401 1067 3455 2)
1107 3402 1287 3446 Necrol.
1317 3402 1514 3446 Merseb.
1545 3403 1665 3458 Auy
1689 3403 1767 3447 20:
1809 3400 1864 3445 In
1893 3400 2150 3444 Liubuzaua
2179 3399 2312 3444 multi
2376 3407 2381 3426 ·‘·
2429 3417 2431 3423 2

432 3460 623 3513 peremti
661 3462 777 3503 sunt·
923 3460 967 3513 3)
1013 3461 1088 3503 De
1124 3473 1210 3515 quo
1247 3459 1307 3512 Cf·
1338 3460 1426 3512 IV,
1465 3460 1534 3504 74.
1679 3459 1723 3511 4)
1779 3459 1869 3503 Ubi
1893 3472 1976 3502 rex
2015 3459 2176 3502 charta
2205 3462 2312 3502 teste
2387 3490 2410 3514 -.÷

432 3516 643 3571 (Stumpf
663 3518 794 3570 1564)
817 3516 938 3571 Sept.
965 3517 1019 3561 17
1042 3523 1250 3562 versatus
1273 3522 1350 3561 est.
1467 3516 1511 3570 5)
1544 3517 1801 3562 Seehausen
1822 3516 2043 3571 oppidum
2071 3528 2162 3558 non
2185 3515 2312 3570 lonye

434 3589 462 3615 α
495 3575 782 3628 M'aqdebury
814 3575 876 3617 ad
904 3575 1176 3619 occidentem
1204 3587 1358 3618 versus
1388 3574 1549 3627 situm;
1581 3574 1742 3618 Seesen
1772 3573 1989 3628 oppidum
2013 3585 2158 3628 prope
2187 3571 2311 3616 Gan·
