2456 4036
686 229 1021 273 THIETMARI
1051 228 1266 274 CHRON.
1325 229 1438 273 LIB.
1469 230 1579 274 IIII.
2009 235 2064 278 95

205 355 327 407 dum
368 354 639 420 coniugem
680 372 835 407 suum
873 357 1019 407 vario
1052 358 1363 424 gentilitatis
1397 374 1576 409 errore
1608 357 1920 424 implicitum
1952 376 2066 411 esse

202 427 548 494 perspiceret,
603 425 789 477 sedula
840 428 1057 478 revolvit
1110 435 1366 495 angustae
1419 429 1608 480 mentis
1660 429 2064 494 deliberacione,

203 497 432 566 qualiter
470 496 610 547 hunc
648 496 748 547 sibi
787 498 1012 550 sociaret
1050 499 1102 550 in
1141 499 1296 562 fide-‘⁶²3
1340 499 1656 551 omnimodis
1692 500 1904 568 placare
1942 518 2064 553 con-

203 567 390 627 tendit,
429 584 532 617 non
570 574 788 634 propter
824 568 1119 620 triformem
1155 571 1337 621 mundi
1365 570 1522 622 huius
1551 571 1724 622 nocivi
1755 572 2064 639 appetitum,

202 640 327 706 quin
352 638 535 705 pocius
557 643 774 705 propter
802 638 1012 691 futurae
1043 641 1332 693 mercedisb
1363 641 1684 694 laudabilem
1714 660 1776 694 ac
1809 644 2066 695 universis

202 709 445 761 fidelibus
483 709 640 759 nimis
679 708 1082 762 desiderabilem
1122 711 1388 780 fructum]

343 783 428 835 56.
489 779 654 848 [Haec
693 786 876 847 sponte
915 799 1012 833 sua
1055 783 1183 834 fecit
1221 782 1289 834 ad
1327 788 1534 851 tempus
1572 784 1732 849 male,
1779 789 1838 836 ut
1879 790 2067 852 postea

200 851 294 903 diu
333 851 544 920 operari
582 850 833 903 valuisset
872 852 1017 906 bene.
1092 853 1331 920 Namque
1368 855 1421 904 in
1460 855 1884 922 quadragesima,
1931 873 2067 924 quae

202 920 668 994 [con]iuncionemc
718 922 1010 990 predictam
1064 925 1307 991 proxima
1360 925 1700 992 sequebatur,
1757 945 1874 978 cum
1927 945 1959 979 a
2011 945 2066 979 se

201 993 529 1046 abstinentia
575 994 749 1045 carnis
796 1000 846 1045 et
890 995 1184 1047 affliccione
1236 998 1470 1062 corporis
1523 997 1604 1048 sui
1656 997 2066 1050 decimacionem

204 1065 312 1117 Deo
364 1070 636 1133 acceptam
685 1063 873 1116 offerre
927 1072 1231 1130 conaretur,
1284 1066 1425 1118 dulci
1476 1068 1823 1134 promissione
1876 1087 1909 1122 a
1954 1071 2066 1120 viro

201 1137 399 1188 suimet
434 1136 763 1204 propositum
803 1136 1046 1203 frangere
1084 1142 1316 1204 rogatur.
1397 1138 1498 1188 Illa
1534 1146 1711 1190 autem
1750 1157 1812 1191 ea
1856 1141 2068 1192 racione

201 1210 491 1271 consensit,
542 1212 603 1259 ut
640 1206 748 1258 alia
786 1208 898 1259 vice
936 1208 1003 1260 ab
1042 1208 1224 1260 eodem
1264 1208 1506 1260 exaudiri
1543 1209 1753 1261 facilius
1792 1212 2064 1278 potuisset.

204 1279 429 1342 Quidam
479 1278 686 1343 dicunt,
745 1295 860 1330 eam
911 1279 965 1330 in
1014 1297 1120 1331 una
1169 1297 1378 1331 carnem
1436 1281 1783 1333 manducasse
1839 1283 2068 1350 quadra-

39 1407 41 1414 ,
205 1351 421 1417 gesima,
461 1350 554 1402 alii
591 1367 712 1401 vero
751 1355 875 1404 tres,
952 1351 1190 1402 Audistid
1234 1369 1387 1415 nunc,
1427 1351 1605 1414 lector,
1646 1352 1889 1405 delictum
1931 1355 2065 1422 eius3

32 1450 36 1459 ι
86 1463 92 1470 .
155 1437 178 1469 ⁴.
203 1422 356 1474 modo
411 1421 718 1474 *considera
769 1421 999 1473 fructum
1055 1423 1338 1488 eligantem
1389 1423 1509 1490 piae
1562 1424 1849 1476 voluntatis
1907 1425 2065 1478 illius,

204 1493 491 1546 Laboravit
549 1494 687 1544 enim
737 1510 833 1560 pro
884 1494 1224 1546 conversione
1281 1495 1519 1561 coniugis
1577 1496 1658 1545 sui
1707 1512 1766 1546 ac
1817 1496 2068 1549 exaudita

201 1569 282 1617 est
318 1582 350 1616 a
389 1564 717 1631 benignitate
756 1564 1059 1616 Conditoris
1099 1565 1196 1627 sui,
1246 1566 1395 1616 cuius
1433 1564 1641 1617 infinita
1678 1565 1914 1618 bonitate
1951 1586 2066 1635 per-

200 1641 410 1689 secutor
449 1637 641 1688 suimet
680 1635 949 1688 studiosus
980 1636 1217 1704 resipuit,
1258 1636 1381 1688 dum
1413 1637 1597 1688 crebro
1629 1636 1854 1689 dilectae
1886 1640 2067 1691 uxoris

201 1713 376 1760 ortatu
435 1708 650 1759 innatae
709 1706 1044 1759 infidelitatis
1114 1708 1346 1759 toxicum
1409 1709 1638 1759 evomuit
1702 1715 1754 1759 et
1806 1710 1858 1760 in
1919 1727 2067 1762 sacro

169 1778 554 1846 .*baptismate
592 1796 778 1830 nevam
817 1779 1126 1846 originalem
1165 1778 1439 1831 detersit.l
1520 1779 1589 1830 Et
1627 1780 1870 1845 protinus
1909 1788 2068 1847 caput
2100 1791 2228 1844 (967).

200 1868 351 1902 suum
395 1856 447 1903 et
484 1853 744 1903 seniorem
782 1850 1032 1902 dilectum
1070 1850 1307 1902 membra
1349 1850 1529 1917 populi
1573 1850 1828 1902 hactenus
1874 1852 2068 1903 debilia

200 1921 628 1990 subsequunture
706 1928 759 1973 et
824 1922 1058 1990 nupciali
1125 1927 1267 1973 veste
1328 1927 1541 1989 recepta
1624 1923 1761 1973 inter
1833 1930 2068 1975 caeteros

201 1993 400 2046 Christi
467 1994 777 2061 adoptivosf
843 1999 1202 2046 numerantur.
1323 1992 1545 2057 Iordan,
1611 1995 1813 2060 primus
1882 2011 2064 2045 eorum

200 2063 474 2128 antistes2,
535 2065 760 2117 multum
808 2083 928 2117 cum
977 2065 1054 2117 eis
1100 2065 1331 2127 sudavit,
1386 2063 1511 2115 dum
1561 2081 1648 2116 eos
1693 2065 1760 2116 ad
1810 2083 2068 2132 supernae-

199 2137 400 2189 cultum
438 2138 622 2190 vineae
659 2136 875 2188 sedulus
914 2136 1073 2188 verbo
1122 2141 1173 2188 et
1219 2153 1377 2202 opere
1422 2136 1675 2187 invitavit.
1759 2136 1904 2188 Tunc
1949 2154 2068 2188 con-

200 2209 538 2276 gratulantur
596 2209 863 2276 legitimeg
921 2208 1213 2275 coniugati,
1273 2206 1542 2275 predictus
1602 2225 1714 2258 mas
1775 2213 1827 2259 et
1877 2208 2068 2260 nobilis

199 2281 418 2345 femina,
469 2280 682 2348 illisque
729 2279 943 2332 subdita
989 2280 1156 2331 omnis
1194 2278 1399 2330 familia
1436 2278 1630 2346 gaudet
1667 2297 1722 2331 se
1760 2280 1813 2330 in
1852 2278 2066 2331 Christo

199 2351 457 2405 nubsisse.
544 2352 674 2404 Post
722 2352 854 2403 haec
899 2353 1106 2420 peperit
1152 2350 1290 2402 bona
1338 2356 1509 2402 mater
1555 2349 1721 2401 filium
1769 2350 1921 2418 longe
1967 2350 2067 2402 sibi

201 2423 515 2491 degenerem
555 2430 608 2476 et
646 2423 933 2476 multarum
972 2423 1259 2491 perniciem
1297 2422 1634 2489 genitricum,
1681 2439 1836 2489 quem
1883 2422 2067 2473 fratris

201 2496 282 2546 sui
320 2497 528 2547 nomine
553 2495 843 2547 Bolizlavih
880 2494 1183 2563 appellavit,
1221 2493 1361 2545 hunc
1397 2494 1630 2560 inquam,
1670 2496 1761 2560 qui
1798 2494 1852 2544 in
1887 2493 2066 2545 eadem

198 2567 370 2634 primo
409 2567 660 2620 latentem
700 2566 967 2618 maliciam
1006 2566 1218 2633 aperuit
1255 2564 1550 2632 deindeque
1589 2565 1643 2616 in
1681 2565 1884 2616 viscera
1921 2566 2066 2629 sevit,

201 2642 260 2689 ut
297 2638 351 2689 in
389 2638 732 2707 sequentibus
770 2656 803 2690 a
841 2655 923 2689 me
962 2637 1299 2690 manifestum
1340 2635 1439 2705 fit.]

342 2712 426 2765 57.
476 2710 611 2780 (36.)
680 2710 806 2779 [Sed
852 2727 971 2761 cum
1016 2714 1187 2761 mater
1225 2707 1457 2760 eiusdem
1495 2705 1722 2771 obiret3,
1765 2711 1916 2774 pater
1954 2707 2066 2758 eius

199 2799 360 2833 unam
409 2781 868 2834 sanctimonialem
921 2782 984 2832 de
1035 2781 1379 2843 monasteriO,
1430 2778 1571 2847 quod
1616 2777 1778 2830 Calva
1822 2776 2064 2841 dicitur4,

201 2852 469 2905 Thiedrici
527 2854 851 2905 marchionis
911 2852 1100 2914 filiam,
1168 2851 1367 2918 absque
1434 2851 1688 2902 canonica
1746 2850 2066 2901 auctoritate

200 2923 366 2979 duxit.
460 2925 575 2977 Oda
625 2924 728 2976 fuit
776 2942 964 2976 nomen
1021 2925 1157 2988 eiuS,
1216 2928 1268 2974 et
1322 2939 1518 2988 magna
1573 2926 1689 2973 erat
1742 2921 2065 2988 presumptio

200 2995 360 3051 illius.
421 2996 699 3064 Spreverat
729 2998 866 3047 enim
899 3012 1150 3064 sponsum
1181 2993 1474 3057 coelestem,
1505 3009 1799 3060 preponens
1828 2992 1874 3043 ei
1898 2992 2062 3043 virum

169 3066 536 3133 ·*militarem,
594 3067 734 3136 quod
791 3068 995 3119 cunctis
1052 3065 1343 3118 aecclesiae
1399 3065 1690 3115 rectoribus
1740 3069 1792 3114 et
1838 3063 2064 3114 maxime

202 3139 430 3191 antistiti
467 3140 660 3192 suimet
695 3138 985 3191 venerabili
1018 3137 1323 3189 Hilliwardo
1362 3135 1646 3201 displicuit.
1722 3133 1822 3185 Sed
1852 3138 2067 3201 propter

202 3269 239 3305 a)
264 3270 301 3298 et
322 3268 407 3299 add.
435 3269 469 3300 V.
537 3268 575 3310 b)
599 3278 618 3300 c
640 3268 729 3300 add.
752 3269 792 3300 T.
869 3267 902 3307 c)
924 3267 1214 3298 coniunctionem
1238 3267 1274 3297 V.
1347 3264 1383 3304 d)
1405 3263 1569 3294 Audistis
1592 3264 1637 3294 D.
1712 3262 1745 3303 e)
1768 3262 2010 3301 subsequntm·
2032 3263 2061 3292 1.

203 3310 232 3351 f)
257 3311 469 3351 adoptiuuos
493 3311 537 3345 D.
625 3311 665 3352 g)
688 3312 820 3350 legime
846 3314 877 3342 1.
966 3311 1004 3347 h)
1027 3309 1221 3342 bolizlaum
1244 3309 1282 3340 Γ.

205 3411 246 3464 1)
291 3413 345 3455 Α.
376 3412 460 3455 967
500 3412 620 3454 Ami.
652 3410 775 3453 Orac.
814 3415 895 3453 vet.
934 3415 976 3453 et
1014 3409 1133 3453 Ann.
1165 3422 1286 3462 cap„
1335 3408 1418 3451 966
1448 3405 1569 3448 Ama.
1600 3405 1697 3447 Pol.
1766 3402 1837 3458 Cf.
1867 3404 2063 3469 Roepezt

204 3468 380 3512 ‘Gesch
425 3468 604 3511 Potens'
651 3469 694 3520 I,
740 3467 876 3511 viar—te
918 3467 1120 3521 Beilaye,
1161 3480 1209 3521 p.
1245 3462 1511 3509 622—626.
1648 3463 1692 3514 2)
1737 3461 2064 3504 Poznanienszs

202 3525 446 3575 968—972;
479 3539 518 3567 v.
549 3526 620 3577 II,
652 3526 720 3567 22.
850 3523 894 3576 3)
936 3526 992 3567 A.
1016 3525 1098 3568 977
1128 3526 1349 3566 mortuam
1379 3533 1477 3563 eam
1507 3532 1601 3561 esse
1632 3516 1813 3561 Cosmus
1841 3518 1943 3568 (SS.
1968 3518 2065 3569 IX)

203 3583 352 3627 tradit.
467 3581 510 3635 4)
545 3582 691 3626 Kalbe
719 3581 935 3636 oppidum
966 3581 1028 3623 ad
1056 3581 1239 3633 fiuvium
1272 3578 1416 3622 Milde
1445 3577 1594 3619 situm.
