2456 4036
326 271 408 315 170
753 267 1087 313 THIETMARI
1119 264 1338 310 CHRON.
1398 265 1513 309 LIB.
1543 265 1633 309 VII
1665 265 1778 320 (VI).

184 407 295 451 1012
326 396 575 448 *Postera
610 395 697 447 die
736 394 805 446 ad
843 393 1112 446 modicum
1149 390 1351 444 evaluit
1398 390 1775 445 archiantistes
1827 397 1880 446 et
1923 392 1994 445 ad
2031 411 2207 461 regem
2233 410 2309 454 *12-
2331 421 2343 440 2-
2379 394 2387 414 ¹

162 463 248 495 ¹¹²⁰·
264 465 297 495 ²·
322 466 605 519 ambulans
622 483 677 518 se
701 464 929 517 multum
953 463 1236 515 commovit
1259 466 1313 514 et
1341 466 1466 530 post
1494 462 1595 515 hoc
1624 463 1681 514 in
1711 468 1922 516 tantum
1947 463 2210 529 tardatur,

324 543 384 590 ut
419 555 516 606 per
553 553 609 588 se
646 551 939 602 numquam
977 533 1182 601 aliquid
1213 531 1393 585 facere
1425 533 1706 599 potuisset.
1781 535 2054 588 Accersito
2083 540 2212 588 tunc

324 608 395 662 ad
433 625 555 660 eum
592 605 758 658 fratre
796 613 948 656 meo²
996 603 1190 657 abbate
1231 603 1567 671 sigifrido*1
1613 602 1714 676 [ac]
1761 605 1996 672 presulib
2036 606 2210 670 Erice,

161 696 298 729 ima
325 685 378 732 et
429 678 536 730 illis
588 675 976 729 confessionem
1028 675 1158 728 fecit
1217 679 1270 726 et
1314 676 1370 727 in
1416 674 1478 730 V.
1530 675 1687 739 feria,
1754 693 1874 728 cum
1926 677 2034 730 iam
2086 675 2213 729 inde

323 749 578 802 voluisset
613 763 856 815 pergere,
904 746 1056 799 iuxta
1093 746 1422 798 caminatam
1467 747 1608 813 regis
1647 747 1782 799 solio
1828 752 2077 816 portatur
2115 764 2213 801 suo

324 826 377 873 et
422 819 629 871 elevato
682 835 716 869 a
767 817 942 885 capite
995 817 1158 886 pilleo
1211 816 1562 870 dormientem
1608 816 1880 886 aloquitur
1925 819 2212 872 seniorem:

325 890 536 942 ‘Grates
579 888 681 940 tibi
725 888 1040 954 condignaS,
1086 888 1299 941 domine
1336 888 1410 940 mi
1447 887 1753 950 karissime,
1799 889 2000 942 referat
2045 890 2216 942 omni-

322 965 510 1030 potens
529 960 676 1012 Deus
692 959 758 1011 de
777 960 982 1013 cunctis
1000 959 1445 1013 miseracionibus
1469 959 1593 1024 tuis,
1618 958 1850 1031 [quibus]
1875 962 2217 1029 peregrinum

324 1030 446 1103 [me]
505 1031 769 1083 hactenus
821 1031 1053 1084 visitasti
1112 1036 1166 1084 et
1225 1031 1531 1084 consolatus
1591 1031 1748 1085 es'**.
1846 1032 1916 1084 Et
1965 1037 2095 1085 tunc
2147 1031 2216 1085 ad

324 1102 642 1156 aecclesiam
665 1103 880 1154 veniens
905 1101 1109 1155 audivit
1133 1102 1366 1167 missam,
1403 1101 1537 1174 [ipse
1584 1109 1855 1170 presentes
1880 1102 2216 1158 benedicens,

325 1173 457 1227 Inde
503 1178 784 1241 portaturc
836 1173 908 1226 ad
952 1174 1130 1226 navim
1184 1178 1238 1226 et
1282 1174 1338 1225 in
1384 1191 1448 1227 ea
1493 1191 1525 1226 a
1613 1173 1914 1227 Ivicansten
1954 1174 2218 1228 deductus

161 1263 299 1296 1uns1.
325 1251 420 1300 est.
511 1245 596 1297 Ibi
645 1251 759 1297 tum
809 1244 1036 1298 sabbato
1085 1244 1474 1313 requiescebat3
1536 1250 1590 1298 et
1637 1245 1690 1296 in
1743 1246 1829 1298 die
1878 1245 2017 1302 dom.
2068 1246 2219 1300 iuxta

165 1334 252 1366 run.
267 1335 299 1367 8.
326 1316 514 1369 urbem
558 1333 711 1369 suam
751 1316 963 1385 spiutni
999 1314 1280 1370 vocatam2
1325 1316 1536 1384 navigio
1575 1317 1733 1370 venit.
1820 1317 1884 1369 In
1930 1317 2000 1372 II.
2039 1322 2218 1370 autem

167 1406 251 1439 iun.
267 1406 300 1438 9.
326 1388 463 1442 feria
500 1388 557 1440 in
602 1387 719 1456 ipso
766 1387 993 1440 itinered
1038 1405 1158 1440 cum
1204 1388 1311 1439 iam
1358 1406 1492 1456 pene
1539 1387 1844 1453 defecisset,
1885 1387 2218 1441 Walterdum

327 1459 397 1512 ad
426 1476 484 1511 se
506 1460 715 1511 vocavit
743 1460 1097 1528 prepositum;
1131 1459 1352 1527 eiusque
1381 1459 1507 1512 fidei
1541 1476 1596 1512 se
1621 1476 1852 1528 suosque
1884 1460 2220 1513 committens

327 1531 390 1584 V.
409 1529 489 1584 Id.
507 1529 684 1582 Iunii3
715 1548 822 1582 non
854 1529 1002 1594 obiit,
1036 1530 1131 1583 sed
1161 1530 1231 1583 ad
1258 1530 1547 1595 Christum,
1578 1548 1737 1600 quem
1770 1531 2220 1598 semper'amavit,

325 1603 498 1654 laetus
529 1601 680 1655 abiit.
737 1602 823 1654 Fit
852 1603 1026 1654 oratio
1056 1620 1090 1655 a
1113 1601 1474 1655 confratribus
1498 1619 1620 1654 cum
1654 1603 1977 1655 intermixtis
2007 1601 2220 1655 fletibus

326 1687 380 1726 et
414 1673 558 1725 Bodo
590 1673 744 1725 miles
775 1672 873 1725 *ad
903 1691 1080 1742 regem
1113 1673 1182 1725 ad
1212 1673 1346 1726 haec
1377 1673 1668 1726 indicanda
1700 1674 1946 1728 mittitur.
2015 1672 2222 1742 Corpus
2246 1670 2371 1739 *soa
2407 1681 2411 1684 ’

327 1750 506 1798 autem
553 1744 942 1814 archiepiscopi
991 1745 1061 1797 ad
1104 1745 1324 1797 Frasam
1369 1745 1485 1813 ipso
1531 1745 1619 1798 die
1658 1746 1803 1798 venit
1841 1750 1896 1798 et
1938 1744 2014 1797 ibi
2044 1762 2221 1798 sacer·
2429 1754 2433 1763 “

326 1816 599 1869 dotalibus
649 1817 979 1869 vestimentis
1031 1821 1280 1883 paratum
1340 1817 1411 1869 ad
1465 1816 1647 1869 sedem
1700 1834 1853 1869 suam
1898 1815 2223 1870 transfertur

329 1893 382 1941 et
420 1905 539 1940 cum
579 1889 783 1955 ingenti
820 1888 1052 1941 tristicia
1092 1887 1160 1940 ab
1200 1887 1447 1940 omnibus
1486 1889 1792 1957 suscipitur.

473 1962 520 2012 2.
583 1960 721 2029 (42.)
811 1959 924 2027 Ego
978 1965 1158 2012 autem
1209 1959 1341 2012 haec
1397 1961 1577 2012 omnia
1629 1960 1685 2011 in
1739 1958 2052 2026 Merseburg
2103 1975 2223 2011 sero

142 2049 300 2082 Iumu.
327 2031 658 2099 comperiens
689 2032 744 2083 in
775 2031 891 2099 ipso
923 2030 1274 2098 depositionis
1305 2030 1392 2083 die
1420 2036 1537 2084 orto
1571 2031 1678 2083 iam
1705 2031 1817 2084 sole
1848 2028 2220 2097 adveniebam3

328 2108 382 2155 et
421 2119 538 2154 cum
578 2102 634 2154 in
673 2103 935 2155 aecclesia
968 2103 1157 2154 maiori
1188 2119 1363 2169 pauca
1395 2103 1653 2155 orationis
1683 2102 1847 2155 verba
1878 2100 2222 2164 effunderem,

329 2174 449 2227 veni
480 2173 549 2226 ad
582 2173 940 2237 refectorium,
974 2174 1067 2226 ubi
1093 2174 1399 2242 prepositus
1430 2191 1550 2226 cum
1574 2174 1839 2226 universis
1862 2171 2223 2226 confratribus

329 2249 492 2314 atque
538 2244 800 2298 militibus
846 2245 1037 2298 sedens
1089 2245 1154 2297 de
1200 2245 1460 2298 electione
1507 2245 1794 2300 tractabat.
1885 2244 1948 2296 In
1993 2260 2224 2313 quorum

329 2318 602 2386 presentia
633 2333 726 2385 ego
760 2322 908 2370 stans
945 2315 1173 2369 multum
1203 2315 1349 2381 flevi,
1400 2316 1651 2370 turbatus
1684 2316 1873 2370 dolore
1902 2314 2222 2380 vehementi3

330 2393 383 2441 et
428 2389 677 2441 salutatis
722 2388 969 2441 omnibus
1014 2387 1264 2441 sedebam
1318 2392 1392 2451 et,
1442 2388 1571 2457 quid
1616 2387 1684 2440 ab
1730 2388 1814 2441 his
1863 2385 2031 2460 [tunc]
2086 2391 2227 2439 esset

329 2459 670 2528 dispositum,
717 2458 1133 2527 interrogabam.
1210 2459 1292 2511 Ad
1337 2459 1465 2512 haec
1507 2459 1859 2513 Waltterdus:
1918 2457 2100 2523 ‘Misi,’
2147 2457 2227 2509 in-

331 2531 482 2600 quid,
533 2531 782 2599 ‘legatum
823 2531 1039 2584 meimet
1084 2530 1155 2584 ad
1199 2548 1400 2599 regem,
1447 2532 1541 2599 qui
1585 2531 1719 2584 haec
1765 2532 1838 2596 ei,
1885 2547 2024 2599 quae
2069 2528 2227 2582 nobis

425 2660 471 2714 *)
504 2660 729 2717 Sigefrido
760 2674 870 2705 nove
901 2658 1087 2705 Corbeie
1118 2661 1247 2705 modo
1279 2660 1446 2705 abbate
1476 2663 1516 2705 2.

393 2733 472 2787 *ἢ
505 2733 565 2777 Et
596 2731 674 2776 det
705 2735 781 2777 tue
811 2732 1090 2788 benignitati
1122 2732 1176 2777 ob
1201 2732 1659 2788 recompensationem
1683 2745 1832 2775 earum
1857 2731 1906 2775 in
1928 2729 2085 2774 celesti
2106 2729 2226 2773 Ieru-

503 2791 644 2834 salem
674 2790 916 2845 premium,
957 2790 1074 2846 quod
1104 2791 1198 2845 ipse
1237 2789 1327 2833 suis
1360 2789 1649 2833 dilectoribus
1688 2788 1918 2832 ineffabile
1947 2785 2228 2843 preparavit3

504 2862 575 2892 me
599 2848 719 2891 enim
744 2846 900 2891 amodo
922 2847 1147 2891 viventem
1178 2862 1266 2890 non
1297 2860 1341 2890 es
1365 2847 1551 2898 visurus,
1584 2846 1688 2903 quia
1718 2846 1824 2897 iam,
1855 2847 1907 2889 ut
1937 2858 2077 2900 spero,
2107 2843 2228 2887 viam

503 2905 706 2949 universe
746 2905 890 2948 carnis
927 2917 1025 2947 sum
1064 2905 1358 2960 ingressurus.
1425 2903 1537 2947 Vale
1576 2904 1732 2959 igitur,
1771 2902 1948 2947 domine
1987 2900 2227 2952 carissime,

505 2962 604 3006 vale
634 2963 682 3006 in
713 2962 923 3006 Domino!
971 2962 1078 3005 add.
1102 2965 1142 3006 2.

313 3077 369 3118 ·a)
400 3079 474 3151 mzt,
496 3079 547 3117 B;
572 3084 652 3108 meo
677 3077 718 3108 T.
815 3075 854 3116 b)
886 3076 898 3107 i
923 3075 1007 3108 add.
1031 3075 1070 3107 T.
1175 3075 1208 3115 c)
1240 3084 1284 3106 ur
1305 3075 1344 3106 i‘n
1368 3076 1440 3106 loco
1462 3083 1542 3106 raso
1563 3083 1631 3105 scr.
1652 3074 1693 3105 Τ.
1797 3071 1835 3114 d)
1865 3073 1903 3104 in
1925 3073 2005 3112 ipse
2029 3080 2160 3104 canore
2189 3069 2232 3110 B,

333 3130 421 3153 corr.
443 3121 452 3135 '
474 3143 484 3153 .

335 3221 378 3274 1)
413 3221 552 3272 Quem
584 3234 627 3263 a.
652 3221 763 3264 1009
796 3219 1003 3263 abbatem
1034 3218 1240 3262 coenobii
1260 3217 1324 3262 St.
1347 3217 1573 3261 Iohannis
1597 3216 2012 3271 Maydeburyensis
2043 3216 2230 3260 electum

334 3291 429 3322 esse
461 3278 582 3321 Arm.
615 3277 777 3331 Maqd.
808 3276 1010 3320 tradunt.
1150 3276 1194 3329 2)
1243 3276 1370 3327 Quae
1401 3274 1732 3329 Zputinesburg
1774 3278 1816 3318 et
1845 3272 2154 3328 Zpuitneburg
2182 3272 2230 3316 in

334 3348 450 3390 pago
492 3333 681 3378 Nudzici
726 3338 915 3378 vocatur
958 3333 1007 3375 in
1055 3332 1236 3376 duabus
1281 3332 1453 3376 chartis
1498 3345 1589 3375 uno
1636 3331 1708 3374 dz'e
1753 3331 1835 3374 961
1882 3331 1973 3374 Iul.
2011 3332 2066 3374 29
2107 3330 2232 3374 datis

335 3392 443 3439 (Do
466 3394 509 3443 Ι,
542 3393 623 3436 231
658 3396 699 3435 et
727 3391 846 3445 232),
879 3389 1172 3444 municipium
1203 3388 1394 3444 Zpuitne
1426 3388 1596 3431 dictum
1627 3388 1675 3431 in
1705 3387 1917 3432 orientali
1945 3389 2074 3442 parte
2098 3386 2230 3431 Salae

337 3446 534 3492 fluminis
575 3449 713 3492 situm
743 3449 794 3491 i‘n
833 3448 922 3492 DO
946 3449 988 3501 I,
1028 3448 1114 3491 386
1155 3446 1259 3500 (970
1295 3447 1400 3490 Ian.
1433 3446 1523 3500 24),
1563 3444 1834 3500 Rodenburg
1863 3446 1912 3488 in·
1952 3443 2073 3488 (η’-επ.
2105 3444 2230 3488 arch.

340 3506 500 3559 Mayd.
534 3520 569 3549 e.
597 3506 665 3558 15,
693 3518 739 3560 p.
764 3506 869 3555 394;
902 3517 1024 3548 nunc
1055 3504 1314 3559 Rotenburq
1345 3504 1395 3546 in
1427 3503 1590 3547 deoetra
1619 3504 1725 3558 ripa
1748 3502 1886 3546 Salae
1914 3502 2030 3546 inter
2062 3501 2232 3545 Wettin

338 3567 379 3661 ἕ
411 3563 645 3607 Konnern.
763 3561 807 3614 3)
850 3562 1030 3606 Necrol.
1063 3562 1204 3605 Mers.
1236 3562 1343 3604 Iun.
1369 3560 1420 3603 9:
1454 3559 1626 3616 Tagino
1658 3559 2010 3614 archiepiscopus
2041 3557 2156 3602 obiit
2185 3559 2233 3601 et

382 3631 507 3672 nger.
