2456 4036
244 1194 370 1238 1017.

254 1650 326 1682 Iul.
345 1650 378 1682 6.

254 1721 328 1753 Iul.
347 1722 378 1752 7.

251 1937 326 1969 Iul.
344 1938 378 1969 8.

231 2223 303 2255 lul.
322 2224 378 2255 10.

235 2869 307 2900 Iul.
326 2869 379 2899 21.

403 287 488 333 228
814 283 1150 329 THIETMARI
1181 281 1398 328 CHRON.
1458 283 1571 329 LIB.
1602 285 1717 328 VIII
1748 285 1885 338 (VII).

404 414 728 476 traheretur,
790 410 988 462 auxilio
1040 409 1240 478 prefati
1292 409 1442 463 ducis
1495 410 1674 464 sedem
1728 429 1880 464 suam
1938 412 1984 464 is
2039 430 2072 464 a
2121 413 2282 465 tertio

405 486 598 538 Ottone
636 483 705 536 ad
743 481 1032 549 regendum
1071 482 1326 550 suscepit3
1367 481 1432 534 de
1470 499 1578 550 qua
1615 488 1738 551 post
1774 487 1999 536 mortem
2030 483 2284 536 Bolizlavi

404 557 628 610 senioris
680 553 748 606 ab
804 553 1057 620 equivoco
1112 553 1225 605 01118
1279 558 1331 605 01
1381 551 1490 605 filio
1551 571 1675 622 sepe
1734 554 1988 623 expulsus
2046 554 2204 608 toties
2252 573 2285 607 a

403 627 708 680 marchione
756 623 1068 676 Ekkihardo
1114 623 1390 676 reducitur
1441 630 1493 677 et
1529 642 1751 693 magnas
1792 626 1996 693 patitur
2041 626 2280 680 iniurias

403 699 536 751 Hica
581 696 841 762 hospiteS,
889 693 985 766 [ut]
1032 701 1251 748 sanctus
1296 695 1446 749 iubet
1489 696 1797 778 GregoriuS,
1844 714 1951 750 non
1998 697 2168 750 solum
2214 698 2282 750 ad

403 770 487 822 *se
526 766 786 830 invitavit,
826 766 919 818 sed
958 766 1122 819 etiam
1161 767 1345 831 traxit,
1384 767 1485 820 hoc
1521 769 1812 820 maximum
1845 768 2048 822 habens
2079 769 2281 821 vitium
2308 783 2327 801 *

404 839 545 909 quod
595 838 662 891 ob
711 838 959 890 morbum
1007 837 1108 890 sibi
1158 839 1522 892 innocentemb
1571 839 1821 893 bibebat·
1825 857 2001 908 supra
2050 839 2282 892 modum.

406 903 727 964 paraliticus
776 911 919 962 enim
969 914 1109 973 erat,
1159 927 1415 963 manuum
1463 915 1728 964 tremorec
1776 912 1994 965 assiduo
2039 913 2153 964 sine
2201 929 2285 964 as-

405 983 664 1036 stantium
708 981 911 1034 auxilio
956 981 1379 1049 presbiterorum
1431 983 1651 1035 missam
1697 999 1889 1036 canere
1940 1000 2046 1036 non
2088 984 2283 1064 potuit:

404 1055 586 1123 sicque
625 1070 795 1121 usque
834 1052 904 1105 ad
941 1052 1099 1106 finem
1138 1053 1485 1122 languescens
1529 1053 1699 1119 1001118,
1749 1059 1810 1107 111
1844 1071 2013 1122 811010,
2053 1055 2283 1107 animam

401 1125 630 1179 curabat
666 1124 1148 1214 medicaminibus]

544 1200 630 1252 57.
656 1196 788 1267 (42.)
826 1194 1123 1268 *[11110100(1
1145 1196 1513 1249 Μο101011808θ
1536 1197 1792 1250 Bolizlavi
1814 1197 2010 1250 milites
2034 1214 2280 1265 magnam
2312 1212 2330 1231 *
2355 1232 2357 1234 -

403 1269 767 1321 Bawariorum
791 1276 1062 1321 catervam
1085 1267 1211 1320 dolo
1236 1268 1710 1322 circumvenientes
1730 1269 2002 1322 incautam
2020 1268 2286 1331 occidunt,

403 1341 692 1408 dampnum
746 1339 850 1392 sibi
895 1338 963 1391 ab
1009 1340 1088 1392 eis
1130 1339 1342 1392 illatum
1393 1341 1543 1408 prius
1604 1340 1672 1393 ad
1718 1346 1927 1408 partem
1973 1339 2120 1393 haud
2150 1339 2286 1393 *exi—
2312 1354 2330 1374 *

402 1430 561 1481 guam
600 1411 954 1465 ulciscentesf.
1042 1410 1208 1464 Cesar
1246 1428 1370 1463 vero
1414 1411 1484 1465 ad
1522 1413 1781 1465 orientem
1814 1411 2040 1465 tendens
2077 1412 2286 1481 inpera—

401 1482 608 1556 tricem]
656 1482 756 1536 *ad
801 1500 858 1536 se
895 1483 949 1534 in
993 1482 1134 1547 1000,
1181 1483 1276 1551 qui
1315 1483 1797 1536 pathrebrunnung
1842 1483 2061 1549 dicitur,
2108 1483 2287 1536 venire
2312 1499 2329 1516 *

402 1555 601 1609 iubetl.
678 1555 809 1608 Inde
839 1553 997 1607 ambo
1028 1572 1198 1623 usque
1239 1553 1309 1607 ad
1340 1555 1713 1625 Magadaburg
1748 1555 1979 1623 profecti
2017 1572 2051 1608 a
2083 1554 2291 1608 Gerone

402 1627 804 1696 archiepiscopo
862 1625 1152 1679 honorifice
1213 1629 1448 1696 suscepti
1508 1633 1647 1680 sunt.
1745 1627 1807 1680 In
1867 1626 2112 1695 sequenti
2168 1643 2292 1680 vero

402 1705 573 1764 nocte,
605 1698 661 1751 id
686 1704 768 1752 est
790 1697 1061 1751 dominica
1092 1703 1145 1751 et
1167 1698 1304 1751 Non.
1328 1699 1468 1765 Iulii,
1513 1705 1802 1768 tempestas
1829 1699 2032 1767 ingruit
2053 1698 2291 1761 horrida,

405 1772 645 1825 homines
692 1788 814 1824 cum
858 1770 1142 1839 pecoribus
1189 1771 1348 1823 simul
1393 1776 1446 1824 et
1491 1770 1748 1824 aedificiis
1793 1788 1857 1824 ac
1901 1769 2144 1839 frugibus
2183 1769 2292 1823 late

403 1860 734 1897 consumens,
823 1842 1101 1895 Inmensus
1141 1859 1355 1911 quoque
1401 1843 1584 1910 fragor
1628 1843 1787 1896 silvas
1832 1843 2141 1896 concutiens
2180 1842 2292 1894 vias

404 1933 587 1969 omnes
625 1915 784 1967 nimis
825 1913 1140 1983 occupabat.
1218 1914 1440 1967 Postera
1478 1915 1563 1967 die
1601 1915 1880 1983 inperator
1917 1931 2038 1967 cum
2069 1913 2292 1981 coniuge

404 1992 457 2041 et
502 1988 770 2039 excercitu
809 1985 987 2038 Albim
1031 1986 1298 2038 transiens
1351 1986 1422 2039 ad
1465 1985 1713 2051 Liesca2,
1773 1993 1978 2039 curtem
2024 1983 2292 2054 quondam

404 2059 630 2127 Vigonis
661 2056 933 2126 episcopi3
965 2062 1018 2109 et
1051 2063 1178 2111 tunc
1212 2057 1342 2111 feris
1374 2058 1854 2112 innumerabilibus
1885 2056 2293 2115 inhabitatamh.

403 2132 547 2183 venit
602 2130 844 2199 duasque
900 2128 1100 2182 ibidem
1156 2135 1338 2182 noctes
1395 2131 1451 2182 in
1505 2131 1696 2183 castris
1751 2130 1940 2183 sedens
1989 2128 2291 2182 tardantem

404 2202 621 2255 turbam
646 2201 961 2270 expectavit.
1023 2202 1094 2254 Et
1114 2206 1236 2270 post
1266 2201 1399 2254 haec
1421 2219 1667 2270 regressa
1696 2202 2019 2271 inperatrice
2042 2201 2291 2254 caeteris-

404 2292 506 2343 que
561 2272 922 2343 compluribus
981 2273 1095 2343 ipse
1146 2274 1425 2326 turmatim
1481 2274 1757 2343 processit.
1857 2273 1983 2342 Ipsa
2027 2289 2151 2325 vero
2204 2271 2291 2324 die

402 2346 688 2399 Heinricus
727 2344 999 2414 quondam
1028 2345 1394 2398 Bawariorum
1431 2345 1567 2398 *dux
1606 2363 1638 2398 a
1674 2344 1963 2409 Bolizlav0,
2003 2361 2107 2412 quo
2143 2344 2292 2413 pacis
2317 2357 2335 2376 *

403 2417 697 2471 firmandae
735 2418 909 2486 gratia
947 2417 1198 2485 perrexit,
1238 2435 1358 2470 cum
1396 2418 1606 2470 nunciis
1644 2417 1884 2470 eiusdem
1912 2415 2093 2481 rediit3
2135 2432 2292 2497 quem

403 2490 680 2559 inperator
737 2489 927 2541 audita
981 2488 1301 2542 referentem
1357 2507 1456 2542 sua
1508 2490 1702 2542 iterum
1758 2489 2033 2557 legacione
2086 2486 2295 2540 remisit

402 2562 584 2629 nilque
623 2561 699 2614 ibi
736 2560 1104 2630 proficientem
1150 2560 1219 2614 ad
1257 2561 1528 2614 dominam
1575 2567 1629 2613 et
1668 2577 1904 2613 sororem
1955 2577 2106 2612 suam
2145 2557 2294 2612 abire
2376 2632 2379 2633 ⁷

403 2633 547 2687 sinit.

547 2706 633 2760 58.
684 2704 816 2775 (43.)
889 2704 1102 2757 Interea
1154 2705 1208 2757 in
1258 2709 1438 2758 monte
1489 2704 1661 2757 sancti
1706 2703 1960 2756 Iohannis
2009 2702 2292 2772 baptistae,

406 2777 497 2846 qui
542 2778 695 2830 iuxta
733 2776 1170 2858 Parthenopolim
1213 2777 1421 2845 positus
1459 2775 1630 2829 eidem
1678 2781 1759 2828 est
1799 2793 1918 2828 cum
1957 2773 2293 2844 appertinen-

405 2848 548 2902 tibus
586 2850 848 2901 universis
886 2848 1151 2913 subditus,
1197 2866 1283 2901 res
1321 2847 1611 2901 admodum
1655 2846 1978 2900 miserabilis
2017 2845 2140 2901 XII.
2171 2845 2290 2898 Kal.

407 2922 537 2989 Aug
579 2926 633 2974 et
671 2920 941 2977 dominica
979 2917 1170 2992 [nocte]
1209 2920 1419 2973 accidit.
1495 2919 1704 2973 Horum
1738 2919 1794 2971 in
1825 2918 2138 2971 dormitorio
2169 2933 2293 2970 con-

406 2992 635 3045 fratrum
658 2992 880 3045 lucerna
915 2992 1181 3060 quaedam
1214 2991 1408 3045 ardens
1438 2993 1610 3045 maior
1640 2991 1796 3044 solito
1826 2990 2004 3042 illuxit
2033 2993 2086 3042 et
2113 2988 2293 3059 proxi·
2372 3023 2374 3025 >

407 3082 495 3117 ma
525 3082 791 3134 occupans
821 3063 935 3128 hoc,
977 3063 1175 3117 ibidem
1201 3063 1599 3133 quiescentibus
1629 3062 1685 3116 id
1710 3079 1829 3116 sero
1852 3060 2288 3130 intelligentibus

408 3199 443 3242 a)
466 3202 547 3233 Hac
562 3202 610 3233 D.
698 3199 739 3242 b)
760 3201 798 3232 in
816 3210 852 3233 er
854 3209 932 3232 aeui
933 3210 954 3231 n
969 3202 1000 3231 1.
1092 3199 1126 3240 0)
1150 3203 1341 3232 tremorem
1358 3200 1548 3232 assiduum
1566 3210 1655 3231 corr.
1673 3202 1829 3232 tremore
1844 3197 1995 3230 assiduu
2011 3199 2044 3230 1.
2133 3197 2172 3236 d)
2192 3197 2276 3229 linei
2264 3207 2293 3228 w
2367 3211 2376 3230 ,
2420 3228 2424 3238 ‚

406 3247 504 3276 sexta
527 3247 557 3276 et
579 3246 668 3284 sept-1·
670 3254 724 3275 ma
746 3253 849 3276 vacua
839 3245 869 3275 is
894 3244 1024 3275 relictis
1040 3244 1073 3275 D
1090 3244 1129 3274 in
1151 3246 1271 3275 octava
1293 3252 1364 3274 scre
1358 3244 1440 3275 bere
1464 3245 1644 3283 aliquanto
1661 3243 1742 3283 post
1751 3243 1980 3282 perrexerant,-
2001 3242 2120 3280 postea
2138 3240 2170 3272 T
2180 3240 2292 3272 verbis

407 3289 604 3320 Interea-
624 3288 730 3327 damp
752 3289 883 3318 sextam
906 3290 936 3318 et
957 3287 1134 3325 septimam
1157 3287 1269 3318 lineae
1295 3287 1444 3328 explevit
1467 3290 1498 3318 et
1518 3287 1630 3318 erasis
1651 3288 1774 3318 octava
1797 3287 1827 3316 et
1842 3287 1948 3325 parte
1970 3294 2081 3317 nonae
2104 3284 2232 3316 maiore
2254 3285 2294 3316 in
2373 3274 2381 3307 .'
2423 3303 2426 3305 Δ

408 3340 533 3362 rasura
556 3331 697 3372 scripsit
719 3338 806 3362 num
832 3330 960 3361 sibi—
976 3330 1243 3370 inperatricem.
1349 3329 1384 3371 e)
1415 3339 1506 3362 mor.
1537 3328 1692 3361 radendo
1722 3331 1808 3368 αἶρε.
1841 3337 1932 3360 corr.
1955 3331 1987 3360 1.
2090 3327 2119 3367 f)
2148 3328 2292 3359 ulcisci·

409 3378 552 3406 scentes
577 3376 609 3406 1.
696 3374 735 3415 g)
756 3374 919 3414 pathelb.
937 3374 984 3414 D,
1008 3383 1095 3405 corr.
1120 3373 1157 3404 T.
1246 3371 1286 3415 h)
1309 3373 1331 3404 h
1354 3373 1440 3405 add.
1460 3374 1499 3408 T,

410 3482 452 3534 1)
494 3481 621 3536 oms
654 3480 850 3526 ‘Jahrb
882 3482 982 3530 III
1014 3482 1083 3525 55.
1202 3481 1245 3531 2)
1286 3481 1522 3534 Letalem,-
1565 3483 1624 3535 cf.
1659 3481 1741 3532 VJ,
1773 3479 1842 3524 19
1958 3479 2002 3532 3)
2042 3477 2290 3535 Wiqonem,

408 3540 488 3593 qui
507 3539 619 3584 1017
643 3540 778 3584 Febr.
797 3539 850 3583 22
873 3540 920 3583 in
943 3539 1056 3583 vivis
1066 3539 1172 3592 fecit
1198 3538 1260 3588 (v
1284 3552 1427 3594 supra
1451 3552 1485 3583 0.
1502 3539 1594 3592 52),
1619 3543 1723 3583 ante
1740 3537 2045 3582 Thietmarum
2067 3540 2289 3580 mortuum

410 3609 503 3640 esse
539 3610 592 3640 esc
629 3597 711 3641 hoc
749 3598 843 3641 loco
881 3597 1090 3640 nonnulli
1107 3597 1240 3651 falso
1271 3597 1566 3640 coniecerffemt
1633 3596 1768 3639 Diem
1801 3595 1956 3638 mortis
1988 3593 2086 3638 eius
2109 3593 2289 3638 Necrol.

408 3654 579 3697 Luneb.
612 3654 785 3698 exhibet
814 3655 1016 3705 Ian-143
1050 3654 1103 3697 cle
1134 3667 1254 3698 anno
1283 3653 1400 3697 mhiz
1431 3658 1616 3699 constat.
