2372 3970
295 323 386 366 XII
872 316 1215 362 THIETMARI
1247 316 1611 362 CHRONICON.

296 469 345 502 a.
373 449 491 503 961.
526 449 587 500 de
618 449 796 501 eadem
826 465 881 498 re
911 445 1188 497 memoriae
1217 445 1468 514 produnt,
1507 465 1530 498 e
1562 447 1753 516 scripto
1784 448 2005 517 quodam
2043 447 2193 513 libr0,

297 553 395 604 quo
441 535 769 586 Thietmarus
806 549 998 600 quoque
1023 529 1176 598 fonte
1213 547 1338 581 usus
1374 530 1456 594 sit,
1504 532 1691 583 hausta
1727 551 1831 585 esse
1874 551 2067 585 necesse
2105 541 2190 586 est.

296 619 461 688 Atque
500 637 613 669 cum
652 619 762 686 ipse
802 616 1016 679 Noster,
1062 614 1120 665 id
1165 614 1302 682 quod
1340 615 1510 666 adhuc
1548 617 1754 670 omnino
1792 619 2070 688 ne9lectum
2106 617 2197 684 est,

307 703 364 767 V,
400 704 471 755 44
508 703 570 755 de
601 703 865 770 scriptura
897 699 1124 768 quadam
1165 699 1456 767 Tayinonis
1488 700 1646 766 dicat,
1685 721 1748 753 eoe
1777 703 1873 754 hac
1903 704 2002 755 illa
2028 705 2195 774 petita

304 807 407 841 esse
463 795 851 839 consentaneum
905 792 990 838 est.
1086 781 1284 843 Quodsi
1335 802 1451 835 vero
1495 785 1698 854 Ta9ino
1749 795 1795 838 et
1845 788 1907 853 de
1957 789 2199 858 reliquiis

297 893 346 925 a.
374 872 497 927 960.
539 869 964 939 Partlienopolim
1004 869 1329 920 transmissis
1368 868 1472 934 (II,
1508 871 1599 937 17)
1639 878 1685 921 et
1721 870 1783 922 de
1822 874 2197 926 consecratione

297 977 396 1010 sua
435 976 484 1010 a.
522 958 675 1010 1004.
707 956 865 1024 facta
905 952 999 1023 (V,
1038 952 1134 1021 44)
1175 953 1405 1023 scripsit,
1442 954 1532 1006 hoc
1570 955 1848 1008 chronicon
1878 955 2016 1007 illud
2045 957 2197 1027 May-

296 1042 603 1112 deburqense
630 1040 805 1110 fuisse
836 1040 1172 1109 perspicuum
1211 1047 1298 1105 est,
1339 1058 1434 1108 quo
1480 1040 1836 1092 Thietmarum
1860 1041 2014 1110 fonte
2050 1061 2198 1094 usum

297 1148 400 1181 6336
433 1128 659 1198 plurimi
698 1127 798 1178 loci
830 1126 1022 1179 docent.
1099 1124 1189 1177 Eoo
1226 1125 1321 1176 illo
1360 1133 1530 1177 autem
1570 1144 1678 1177 cum
1716 1126 1854 1180 Ann.
1884 1127 2121 1197 Maydeb.
2153 1136 2199 1180 et

302 1213 460 1266 Gesta
510 1213 883 1282 archiepiscop,
925 1211 1168 1280 Maydeb.
1219 1209 1345 1279 (SS.
1381 1208 1544 1279 XIV)
1594 1212 1857 1264 maazimas
1901 1220 2078 1282 partes
2127 1212 2199 1264 ad

297 1299 500 1352 verbum
539 1306 870 1368 conyruentes
902 1296 1289 1366 eoescripserint,
1328 1295 1595 1348 nonnullis
1634 1296 1759 1348 locis
1798 1297 1954 1348 etiam
1991 1297 2197 1368 inteyra

304 1384 593 1455 Tayinonis
631 1383 785 1436 verba
823 1382 1028 1435 restitui
1059 1390 1290 1451 possunt.

441 1484 523 1536 De
572 1484 812 1536 chronico
850 1482 1286 1534 Halberstadensi
1333 1481 1568 1551 equidem
1615 1481 1751 1533 nihil
1795 1482 1914 1533 novi
1958 1482 2199 1552 proferre

294 1571 455 1639 potui.
532 1570 810 1622 Praeterea
849 1578 1017 1621 tamen
1064 1569 1136 1620 ad
1182 1568 1374 1619 librum
1411 1567 1616 1619 tertium
1654 1567 2070 1620 conscribendum
2108 1588 2199 1621 an-

300 1657 446 1708 nales
483 1655 735 1725 quosdam
772 1655 1097 1708 brevissimos
1134 1654 1383 1724 scriptori
1426 1661 1635 1723 praesto
1661 1652 1836 1723 fuisse
1869 1652 2100 1724 fortasse
2137 1673 2200 1706 ew

299 1743 481 1795 ordine
512 1742 660 1794 illius
692 1741 819 1793 libri
849 1741 1036 1811 optime
1068 1759 1176 1792 cum
1219 1739 1553 1807 chronoloyia
1584 1758 1758 1791 rerum
1788 1748 2047 1809 9estarum
2087 1758 2201 1792 con-

298 1836 510 1900 9ruente
549 1828 814 1897 suspicari
853 1827 981 1879 licet.
1338 1826 1340 1828 ’

443 1929 559 1980 Iam
597 1937 667 1995 ut,
717 1946 812 1997 quo
851 1927 1034 1979 ordine
1080 1926 1407 1978 Tkietmarus
1446 1925 1502 1976 in
1540 1925 1687 1977 rebus
1724 1925 2042 2002 enarrandis
2078 1944 2202 1978 usus

299 2017 383 2080 sit,
418 2033 593 2084 pauca
631 2014 972 2078 disseramus,
1009 2013 1067 2064 in
1107 2011 1259 2063 libris
1298 2010 1341 2064 I.
1381 2019 1426 2063 et
1464 2010 1539 2063 II.
1597 2010 1966 2062 Widukindum
2004 2019 2202 2063 secutus

302 2109 394 2166 est,
435 2109 601 2152 cetera
641 2118 867 2168 quaeque
905 2099 1083 2167 aliquo
1121 2097 1271 2148 modo
1309 2096 1574 2149 adiunoeit.
1651 2097 1715 2147 In
1754 2097 1903 2148 tertio
1942 2096 2076 2149 libro
2113 2116 2204 2148 an-

256 2209 264 2217 ·
302 2186 505 2238 nalium
545 2186 652 2237 ritu
688 2185 1030 2255 pr09⁷=editur
1068 2183 1245 2235 multis
1282 2182 1431 2234 rebus
1469 2200 1532 2234 eoe
1578 2180 1865 2252 Tayinonis
1895 2201 2044 2252 opere
2080 2202 2203 2234 nar-

300 2272 501 2323 rationi
538 2271 873 2340 interpositiS.
951 2268 1055 2322 Sed
1094 2288 1204 2320 cum
1245 2269 1301 2319 in
1340 2267 1430 2320 hoc
1460 2276 1507 2319 et
1537 2276 1722 2337 quarto
1762 2267 1897 2321 libro
1934 2276 2124 2320 certum
2156 2269 2205 2320 ei

301 2358 490 2410 deesset
527 2357 888 2427 chronoloyiae
916 2354 1346 2425 fundamentum,
1392 2353 1740 2423 compluribus
1786 2353 1911 2406 locis
1947 2354 2069 2423 plus
2105 2353 2200 2405 mi—

301 2463 454 2496 nusve
499 2443 665 2513 spatii
712 2461 930 2494 vacuum
969 2440 1205 2509 reliquit,
1254 2440 1344 2491 ubi
1386 2447 1563 2508 postea
1602 2439 1765 2491 multa
1815 2440 1868 2491 in
1900 2440 2096 2509 primis
2141 2458 2204 2491 ew

303 2529 599 2581 Annalibus
654 2526 1215 2596 Quedlinburyensibus
1258 2525 1426 2595 petita
1470 2526 1706 2581 inseruit.
1801 2525 1889 2577 Sic
1941 2526 2099 2578 etiam
2147 2525 2204 2576 in

288 2616 399 2684 fine
441 2614 612 2684 primi
662 2623 707 2666 et
746 2614 923 2682 quarti
961 2612 1087 2664 libri
1125 2611 1417 2680 compluria
1454 2611 1606 2680 folia
1642 2630 1814 2662 vacua
1852 2619 1969 2663 sunt
2004 2610 2204 2674 relicta,

304 2718 432 2770 quae
483 2707 660 2768 postea
713 2699 882 2750 variis
930 2698 1166 2750 historiis
1214 2697 1438 2766 explevit
1447 2716 1467 2764 ;
1519 2697 1700 2766 quibus
1753 2715 1865 2748 cum
1912 2698 1968 2748 in
2019 2704 2204 2766 quarto

303 2786 439 2838 libro
470 2785 698 2855 spatium
730 2784 976 2853 deficeret,
1009 2784 1163 2835 etiam
1187 2784 1444 2852 inteyrum
1464 2781 1786 2851 fasciculum
1818 2780 1938 2851 (fol.
1966 2781 2203 2851 73—80)

305 2872 452 2941 operi
488 2870 815 2940 interposuit.
894 2869 983 2921 Eat
1028 2887 1125 2938 quo
1169 2868 1512 2938 perspicitur,
1556 2867 1688 2919 unde
1728 2868 1854 2919 ordo
1891 2867 2044 2918 huius
2082 2867 2208 2918 libri

304 2975 502 3028 maqna
539 2975 602 3009 eoo
645 2964 794 3025 parte
845 2954 1127 3007 admodum
1176 2953 1416 3004 turbatus
1465 2954 1694 3006 exsistat.
1770 2953 1899 3004 Inde
1948 2972 1981 3004 a
2031 2953 2205 3021 quinto

307 3043 441 3096 libro
478 3061 635 3112 usque
673 3042 746 3093 acl
767 3041 929 3109 finem
976 3040 1149 3109 operis
1187 3047 1368 3091 auctor
1404 3058 1661 3109 nusquam
1698 3039 1772 3090 ab.
1802 3039 2079 3090 annalium
2118 3057 2207 3089 ra-

306 3130 442 3180 tione
482 3127 717 3192 discedit,
758 3127 864 3178 nisi
902 3125 1036 3194 quod
1073 3143 1436 3194 saepenumero
1473 3125 1535 3176 de
1573 3124 1797 3193 sinyulis
1826 3123 1975 3175 rebus
2012 3123 2208 3192 diyres-

306 3215 472 3266 siones
499 3232 697 3283 parvas
727 3212 1027 3281 interponit.
1094 3208 1211 3270 Qua
1241 3210 1299 3262 in
1329 3229 1385 3262 re
1415 3208 1761 3280 coqnoscenda
1793 3209 1852 3260 id
1879 3208 2207 3278 potissimum

306 3299 824 3351 animadvertendum
873 3306 944 3350 est
996 3297 1351 3349 Thietmarum
1395 3293 1722 3364 imperfecto,
1764 3293 2018 3364 perfecto,
2063 3293 2208 3363 plus-

308 3384 690 3453 quamperfecto
729 3383 1043 3453 temporibus
1078 3382 1367 3451 promiscue
1408 3381 1520 3432 sine
1557 3380 1665 3431 ullo
1703 3380 2007 3431 discrimine
2043 3380 2135 3430 uti.

456 3483 746 3536 Sermonem
817 3482 865 3533 T
862 3482 1105 3553 liietmari
1157 3483 1338 3533 rudem
1397 3481 1528 3532 satis
1591 3489 1739 3549 atque
1798 3479 2049 3531 incultum
2107 3496 2211 3530 esse

311 3567 705 3637 Lappenberyio
730 3588 832 3620 non
857 3568 1089 3634 conced0‚
1125 3585 1440 3637 quamquam
1465 3584 1498 3616 a
1531 3565 1794 3617 latinitate
1819 3564 2039 3616 classica
2065 3563 2210 3631 lonqe

310 3652 572 3721 discrepat
594 3661 639 3703 et
666 3661 880 3721 propter
903 3653 1178 3703 dictionem
1211 3651 1538 3704 tumidiorem
1570 3650 1903 3718 insolitasque
1929 3647 2202 3699 locutiones
