2372 3970
692 259 1027 305 THIETMARI
1058 257 1418 304 CHRONICON.
1858 258 1988 301 XVII

110 397 166 448 in.
210 415 265 447 re
302 399 620 463 apparatum
663 388 900 440 criticum
937 386 1321 456 Lappenberyii
1364 385 1622 454 corriqere
1667 393 1756 436 aut
1799 403 1988 453 auqere

108 481 199 533 vico
234 476 510 549 perpaucis
538 474 662 526 locis
689 491 813 542 opus
833 472 968 541 fuit.
1043 472 1335 523 Maximam
1368 479 1538 523 tamen
1570 489 1779 540 operam
1807 470 1879 521 ad
1909 469 1987 520 di-

109 562 443 633 stinquendas
482 559 822 611 librariorum
859 576 1042 608 manus
1078 556 1293 621 contuli,
1338 565 1485 625 atque
1529 574 1728 608 summa
1767 553 1989 606 assidui-

109 657 212 708 tate
242 666 338 716 per
375 644 603 714 amplius
639 644 768 695 duos
804 661 997 694 menses
1026 642 1262 693 adhibita
1295 650 1504 711 praeter
1534 641 1824 710 opinionem
1861 638 1992 690 mihi

109 732 341 802 contiqit,
393 739 449 781 ut
489 748 656 800 paene
704 728 776 780 ad
829 727 1051 779 litteram
1101 726 1425 797 sinyularum
1474 744 1720 778 manuum
1766 723 1991 795 propria

109 834 470 887 coynoscerem.
531 812 672 875 Quae
705 831 786 865 res
816 813 999 881 quanti
1030 813 1269 864 momenti
1298 812 1371 863 ad
1400 811 1792 880 intellegendam
1822 809 1992 879 operis

110 903 264 955 totius
314 900 727 971 compositionem
775 906 924 961 esset,
977 916 1087 948 cum
1139 897 1644 962 animadvertissem,
1694 895 1753 946 iol
1801 912 1993 964 quoque

112 1006 320 1057 operam
357 985 493 1050 dedi,
532 992 588 1035 ut
624 982 848 1052 effiyiem
887 982 1080 1034 codicis
1117 983 1430 1052 autoqraplzi
1466 1000 1622 1051 quam
1666 980 1991 1032 accuratissi-

111 1091 250 1124 mam
281 1071 457 1123 lectorz'
480 1068 792 1138 praeberem.
868 1067 945 1118 Ac
975 1086 1034 1119 ne
1069 1068 1345 1120 eoeteriores
1380 1069 1699 1137 pa9inarum
1732 1066 1993 1135 maryines

113 1156 246 1208 notis
283 1155 502 1207 diversis
538 1153 697 1206 nimis
733 1151 1093 1222 implerentur,
1131 1153 1188 1204 in
1227 1152 1557 1205 interioribus
1596 1171 1710 1204 cum
1735 1151 1994 1221 foliorum

114 1259 380 1293 numerum
433 1247 537 1290 tum
592 1256 839 1289 manuum
892 1237 1122 1290 ordinem
1173 1238 1349 1290 notavi
1355 1256 1376 1304 ,·
1431 1238 1753 1307 paqinarum
1804 1254 1994 1306 quoque

113 1325 357 1379 editionis
392 1322 888 1393 Lappenberqianae
920 1342 1153 1375 numeros
1181 1323 1370 1375 ibidem
1401 1323 1586 1375 adieci.
1648 1323 1711 1374 In
1744 1322 1994 1375 eoeteriore

111 1411 350 1479 marqine
397 1410 705 1473 scriptorum
752 1407 908 1474 locos,
957 1426 1079 1478 quos
1123 1408 1453 1460 Thietmarus
1497 1408 1572 1460 ibi
1603 1407 1780 1476 fontes
1817 1406 1995 1458 habuit

113 1505 206 1550 aut
243 1496 418 1565 aliquo
454 1495 602 1547 modo
639 1494 880 1564 respeaeit,
917 1501 964 1545 et
1000 1511 1253 1545 annorum
1298 1511 1533 1546 numeros
1569 1493 1775 1562 diesque
1812 1510 1873 1544 ea
1910 1510 1994 1543 ra-

117 1583 252 1635 tione
261 1581 458 1684 posui,
493 1589 548 1631 ut
585 1599 672 1632 eas
710 1587 990 1649 temporum
1022 1578 1444 1648 siqnijicationes,
1481 1597 1608 1648 quae
1645 1596 1747 1630 non
1783 1596 1846 1630 eoe
1882 1578 1996 1647 ipso

124 1656 258 1720 ΤΙῐιῘω
326 1663 412 1718 ari
462 1684 609 1735 opere
658 1664 994 1735 colliyuntur,
1045 1664 1191 1716 uncis
1239 1664 1565 1716 includerem
1640 1664 1706 1715 In
1752 1671 1887 1716 textu
1935 1682 1996 1715 ea

113 1740 276 1805 unii*
235 1782 259 1805 ὒ-
290 1719 498 1817 zoelusi,
529 1768 656 1820 quae
684 1749 1008 1819 postmodum
1038 1749 1234 1801 inserta
1264 1757 1406 1814 sunt,·
1436 1757 1583 1818 atque
1614 1748 1823 1819 sinyula
1845 1748 1995 1800 verba

113 1839 374 1906 brevesque
414 1836 769 1889 adnotationes
805 1834 1026 1899 inclusa,
1065 1834 1137 1885 ad
1167 1852 1297 1903 quae
1328 1834 1464 1885 nihil
1494 1835 1790 1900 adnotatur,
1828 1835 1996 1904 ipsius

121 1924 170 1975 T
168 1923 410 1976 kietmari
445 1940 606 1973 manu
643 1920 742 1989 (T)
782 1920 985 1971 adiecta
1023 1937 1126 1971 esse
1163 1920 1305 1971 scito.
2001 1909 2004 1912 ’

257 2036 322 2086 In
360 2034 510 2085 libris
546 2041 591 2085 et
629 2032 886 2102 capitibus
923 2032 1310 2101 distinyuendis
1348 2033 1620 2085 editionem
1650 2041 1859 2085 veterem
1897 2051 1998 2084 non

114 2129 308 2174 secutus
350 2138 479 2172 sum.
554 2117 833 2170 Librorum
877 2118 1143 2170 distinctio
1186 2136 1380 2188 mayna
1425 2137 1488 2171 ea}
1530 2127 1679 2188 parte
1717 2118 1790 2169 ad
1828 2118 1996 2187 ipsum

122 2195 471 2258 Thietmarum
521 2202 681 2268 redit,
729 2203 818 2272 qui
865 2222 915 2255 se
964 2212 1193 2273 tempora
1239 2204 1481 2256 Heinrici
1528 2205 1572 2256 Ι.
1628 2204 1761 2256 libro
1807 2205 1997 2272 prim0,

120 2290 321 2343 Ottonis
358 2289 432 2344 ΙΙ.
481 2288 631 2341 tertio
679 2288 991 2358 compleoeum
1045 2308 1147 2342 esse
1195 2298 1241 2342 et
1288 2289 1346 2341 in
1396 2289 1528 2342 libro
1578 2290 1753 2359 quinto
1801 2290 1873 2340 ad
1917 2309 1998 2341 res

114 2376 355 2429 Heinrici
390 2375 464 2429 II.
503 2373 740 2427 accedere
778 2372 967 2440 dicitl,
1013 2373 1195 2426 ultimo
1233 2383 1401 2427 autem
1447 2375 1580 2427 libro
1626 2376 1682 2426 in
1716 2374 1823 2444 fol.
1863 2375 1995 2429 176⁴.

115 2461 376 2515 inscribit:
451 2459 646 2528 Incipit
691 2458 905 2512 libellus
956 2458 1025 2512 II.
1078 2459 1318 2512 Heinrici
1370 2459 1710 2528 imperatoris
1763 2458 1994 2512 secundi.

126 2547 268 2599 Unde
313 2546 543 2616 sequitur
588 2545 718 2597 libro
767 2545 984 2597 secundo
1030 2553 1258 2615 tempora
1305 2545 1505 2598 Ottonis
1542 2547 1588 2611 I,
1637 2553 1822 2614 quarto
1865 2544 1999 2597 Otto-

114 2633 200 2685 nis
237 2629 342 2684 ΙΙΙ.
383 2630 655 2683 tribuenda
694 2649 821 2696 esse,
867 2639 984 2700 post
1023 2649 1196 2683 versus
1233 2640 1402 2684 autem
1448 2633 1504 2683 in
1541 2631 1765 2700 f.141‘.
1802 2631 1997 2700 positos

110 2718 340 2788 priorem
372 2715 613 2775 Heinrici
641 2716 715 2768 II.
755 2716 1087 2785 imperatoris
1126 2716 1354 2769 libellum
1391 2717 1633 2787 incipere.
1709 2717 1843 2768 Eam
1885 2735 1998 2768 vero

117 2802 289 2872 operis
318 2809 543 2872 partem,
581 2820 682 2870 qua
720 2810 951 2872 tempora
987 2802 1231 2854 Heinrici
1267 2803 1340 2856 II.
1380 2802 1518 2872 re9is
1556 2810 1862 2867 tractantur,
1900 2820 1999 2852 non

115 2896 172 2939 ut
206 2886 426 2957 pristini
462 2886 680 2939 editores
716 2887 774 2938 in
804 2888 944 2955 duos,
985 2887 1074 2939 sed
1110 2888 1168 2939 in
1205 2895 1306 2940 tres
1344 2887 1502 2939 libros
1532 2887 1865 2939 dividendam
1897 2905 1998 2938 esse

115 2973 303 3040 censui,
324 2972 422 3024 ‘ita
459 2980 514 3023 ut
551 2972 756 3041 quintus
792 2991 945 3042 usque
983 2974 1055 3024 ad
1091 2973 1460 3025 restitutionem
1506 2973 1825 3042 episcopatus
1863 2973 1998 3024 Mer-

115 3058 438 3129 seburyensis
473 3057 768 3127 pertineret,
804 3057 895 3109 ubi
931 3059 1084 3110 etiam
1122 3077 1297 3111 versus
1334 3058 1627 3128 interpositi
1663 3065 1793 3122 sunt,
1830 3065 1999 3110 seoetus

119 3152 283 3195 autem
319 3161 473 3212 usque
510 3162 589 3208 60,
634 3142 722 3194 ubi
759 3142 929 3195 altera
968 3143 1138 3213 operis
1179 3163 1311 3213 pars
1348 3143 1467 3195 inde
1505 3143 1569 3194 ab
1607 3161 1657 3196 a.
1695 3143 1846 3197 1012.
1887 3161 1997 3194 con-

118 3227 315 3297 scripta
353 3227 564 3296 incipit,
609 3229 855 3297 septimus
892 3229 1109 3298 denique
1146 3238 1338 3282 ceteras
1375 3248 1457 3281 res
1506 3229 1641 3280 inter
1676 3247 1724 3280 a.
1762 3229 1916 3282 1012.
1954 3236 1999 3280 et

119 3383 162 3437 1)
194 3384 237 3438 I,
268 3384 343 3428 28:
375 3383 552 3427 Primus
575 3385 660 3429 iste
684 3384 918 3430 codicellus
943 3386 1115 3430 clausus
1138 3387 1199 3431 sit
1220 3386 1357 3442 primi
1381 3387 1520 3431 morte
1544 3385 1759 3430 Heinrici.
1818 3387 1919 3441 III,
1946 3387 1991 3430 1:

120 3453 228 3498 Otto
259 3453 472 3498 secundus
502 3454 564 3498 sit
593 3454 795 3499 codicelli
824 3456 1033 3501 materies
1065 3457 1173 3508 mei3
1211 3458 1310 3509 ΙΙΙ,
1342 3460 1417 3502 26:
1460 3455 1674 3501 Obseram
1704 3456 1831 3502 modo
1868 3458 1996 3502 tercii

119 3525 279 3569 seriem
309 3524 557 3569 voluminis.
618 3526 707 3580 IV,
737 3526 812 3570 54:
844 3527 903 3571 Et
931 3527 1004 3570 hic
1034 3528 1328 3580 (Heinricus)
1358 3528 1540 3585 quintus
1571 3528 1620 3572 in
1649 3527 1814 3581 ordine,
1845 3541 1996 3573 secun-

120 3596 200 3641 dus
231 3597 277 3642 in
307 3597 496 3649 nomine,
530 3598 653 3641 notet
687 3597 834 3654 quinti
864 3599 1049 3642 titulum
1080 3598 1199 3642 libri.

1598 3686 1633 3728 B
