2372 3970
287 147 394 191 XIV
867 146 1206 191 THIETMARI
1238 144 1603 193 CHRONICON.

293 275 431 328 1574
447 273 622 326 Viteb.
671 274 825 326 Anno
855 275 1006 329 1579.
1032 294 1142 327 eum
1173 275 1431 328 Dresdam
1463 276 1778 327 translatum
1809 295 1912 328 esse
1939 277 2174 346 Lappen-

286 359 406 429 berq
450 359 605 426 dicit,
656 359 825 411 nescio
870 378 969 428 quo
1015 369 1317 430 arqumento
1360 380 1495 412 usus.
1580 361 1733 412 Nunc
1778 362 1834 412 in
1873 361 2177 413 bibliotheca

288 445 437 513 reqia
489 444 696 513 publica
750 444 1091 497 Dresdensi
1141 454 1397 510 servatur,
1451 447 1508 498 in
1561 465 1714 515 quam
1769 465 1818 498 a.
1861 447 2010 500 1832.
2066 465 2178 498 eum

288 530 563 582 transiisse
600 530 707 598 ipsi
745 530 913 580 codici
949 530 1259 597 inscriptum
1295 539 1380 584 est.
1453 531 1625 583 Codeoc
1661 540 1734 583 est
1762 532 2181 584 membranaceus

287 614 346 664 in
393 614 440 665 4.
492 614 615 665 olim
661 633 725 666 ecc
771 615 838 667 26
871 612 1134 681 foliorum
1167 614 1451 682 fasciculis
1494 617 1816 685 compositus.
1903 616 1958 667 E
2001 616 2182 686 quibus

276 698 536 767 fasciculi
582 699 736 763 1—4,
776 699 937 762 6—7,
975 700 1171 762 9—15,
1212 698 1440 764 19-22,
1484 700 1695 753 24-26
1733 703 2110 770 quaterniones,
2147 702 2182 754 5

286 792 332 835 et
373 785 441 836 23
480 784 725 849 biniones,
771 783 978 837 16-18
1017 783 1288 851 quiniones
1313 783 1556 851 fuerunt,
1591 783 1892 852 fasciculus
1929 790 1960 841 8
2005 806 2179 839 novem

277 869 538 936 foliorum
575 877 660 921 est.
737 867 974 920 Fuerunt
1010 869 1175 938 iqitur
1212 869 1404 938 viqinti
1428 868 1689 938 fasciculi
1725 865 2036 937 octoubrum,
2080 873 2183 924 oluo

287 962 675 1021 quaternorum,
721 961 822 1004 tres
859 953 1134 1018 denorum,
1179 972 1311 1005 unus
1354 973 1526 1007 novem
1552 954 1843 1023 foliorum,
1889 957 1946 1007 in
1983 974 2183 1008 summa

287 1039 390 1091 207
417 1037 582 1107 folia.
675 1037 984 1097 Quindecim
1028 1047 1200 1091 tamen
1237 1059 1300 1092 ecc
1347 1041 1428 1092 his
1459 1042 1755 1110 perierunt,
1793 1043 1988 1095 scilicet
2014 1043 2182 1112 fasci—

285 1123 391 1174 culi
434 1128 476 1176 1.
515 1123 664 1192 folia
707 1124 892 1193 prima
940 1124 1067 1190 duo,
1117 1143 1333 1193 quorum
1383 1127 1602 1179 alterum
1651 1129 1786 1180 nihil
1834 1129 1941 1180 nisi
1978 1129 2183 1180 titulum

286 1208 413 1261 libri
449 1209 653 1260 videtur
691 1210 1027 1275 continuisse,
1063 1208 1323 1279 fasciculi
1360 1214 1407 1265 8.
1450 1222 1691 1281 quattuor
1715 1213 1867 1282 folia
1911 1215 2184 1279 interiora,

272 1295 572 1364 fasciculus
614 1296 694 1348 13.
735 1303 891 1361 totus,
926 1295 1189 1363 fasciculi
1233 1299 1311 1352 17.
1338 1297 1539 1366 folium
1575 1299 1821 1368 primum.
1900 1299 2008 1364 Ea,
2056 1318 2184 1368 quae

282 1389 496 1447 restant,
551 1383 653 1436 192
678 1381 831 1450 folia
869 1382 941 1447 is,
986 1383 1077 1452 qui
1114 1383 1172 1434 in
1209 1383 1398 1436 ultima
1435 1386 1607 1454 operis
1642 1386 1848 1455 paqina
1883 1385 2187 1455 subscripsit

288 1468 372 1522 18.
414 1466 664 1519 Decemb.
713 1468 850 1522 1574
899 1466 1094 1534 Viteb„
1144 1471 1224 1521 ita
1271 1471 1588 1536 numeravit,
1638 1479 1693 1522 ut
1736 1471 1917 1540 prima
1965 1471 2186 1541 triqinta

273 1551 424 1622 folia
461 1554 690 1605 numeris
731 1554 923 1619 1-30,
962 1563 1205 1623 quattuor
1242 1574 1372 1624 quae
1417 1565 1698 1625 sequuntur
1735 1556 2026 1624 31‘2—31‘2,
2062 1574 2183 1626 pro-

285 1640 435 1691 oeima
466 1640 681 1691 sedecim
713 1640 945 1706 32—47,
976 1640 1144 1693 decem
1176 1643 1439 1710 sequentia
1469 1642 1701 1707 51-60,
1740 1660 1802 1694 ea
1833 1661 1961 1711 quae
1987 1649 2186 1694 restant

286 1726 556 1780 62—193
604 1727 853 1796 siynaret.
945 1726 1102 1778 Folia
1159 1727 1325 1795 iqitur
1379 1728 1680 1781 31b—-3101
1725 1728 1900 1797 primo
1949 1728 2186 1781 48—50

286 1820 561 1863 numerata
599 1811 838 1864 videntur
874 1830 1002 1877 esse,
1048 1820 1322 1882 praeterea
1364 1832 1459 1882 per
1496 1832 1723 1866 errorem
1763 1821 1881 1883 post
1918 1831 2186 1866 numerum

287 1900 357 1952 60
394 1897 518 1949 ilico
557 1898 626 1950 62
670 1899 869 1966 positus
913 1906 999 1952 est.
1076 1898 1140 1950 In
1177 1899 1402 1969 sinqulis
1438 1900 1660 1969 paqinis
1704 1900 1912 1957 vicenae
1949 1898 2186 1968 sinqulae

285 1992 400 2035 sunt
440 1983 633 2048 lineae,
679 1991 921 2052 quattuor
971 1991 1140 2036 tamen
1175 1985 1405 2054 paqinae
1444 1984 1565 2055 (fol.
1605 1986 1707 2052 12‘,
1751 1985 1833 2051 13,
1875 1985 1994 2050 184,
2037 1982 2184 2052 193‘)

287 2079 333 2122 et
371 2070 544 2121 maior
577 2088 710 2139 pars
734 2068 842 2138 fol.
877 2069 966 2122 80⁴
1000 2088 1194 2122 vacuae
1233 2079 1547 2124 manserunt.

432 2154 647 2207 Scribae
687 2156 742 2207 in
782 2174 931 2225 opere
967 2156 1281 2225 perficiendo
1311 2155 1676 2208 laboraverunt
1711 2174 1905 2221 novem,
1942 2174 1967 2207 e
2005 2154 2187 2224 quibus

278 2250 493 2311 praeter
529 2243 702 2312 ipsum
747 2242 1104 2294 Thietmarum
1143 2238 1262 2312 (T),
1310 2242 1455 2293 cuius
1492 2261 1677 2294 manus
1724 2243 1834 2293 iam
1871 2260 1935 2293 ew
1972 2240 2187 2293 Missali

286 2327 699 2398 Merseburqensi
713 2327 731 2363 ¹
757 2329 887 2380 satis
910 2336 1031 2380 nota
1054 2337 1143 2394 est,
1173 2329 1393 2397 quinque
1418 2326 1540 2397 (pro
1564 2327 1923 2396 maqnitudine
1949 2326 2185 2396 partium

287 2433 322 2465 a
359 2414 582 2484 sinqulis
619 2416 936 2484 scriptarum
974 2414 1040 2480 A,
1076 2414 1140 2479 B,
1189 2413 1242 2479 C,
1282 2414 1355 2479 D,
1392 2413 1448 2464 E
1481 2433 1516 2465 a
1552 2432 1628 2465 me
1667 2411 1889 2483 siqnati)
1927 2411 2104 2481 plures
2140 2419 2187 2462 et

286 2501 529 2566 maiores,
578 2509 680 2552 tres
719 2500 812 2568 (F,
857 2499 923 2566 G,
965 2499 1042 2570 H)
1091 2500 1328 2570 sinqulas
1375 2518 1575 2569 parvas
1605 2507 1787 2569 partes
1823 2505 2185 2551 exaraverunt.

292 2585 429 2647 Quos
468 2596 558 2638 aut
595 2606 658 2638 esc
695 2587 892 2638 dictatu
931 2595 1024 2638 aut
1067 2605 1092 2638 e
1130 2587 1329 2638 schedis
1366 2585 1711 2655 autoqraplzis
1755 2585 1984 2638 auctoris
2020 2584 2186 2652 scrip-

286 2673 412 2724 sisse
461 2691 653 2724 necesse
702 2681 788 2724 est.
875 2672 1041 2741 Atque
1089 2672 1311 2724 dictasse
1359 2671 1524 2723 multa
1583 2672 1934 2723 Tkietmarum
1988 2670 2186 2739 aliquot

285 2757 578 2810 scribarum
615 2757 816 2810 mendis
854 2757 1232 2827 comprobatur,
1270 2775 1483 2827 quorum
1519 2776 1693 2827 pauca
1731 2750 1943 2827 colleyi,
1987 2765 2042 2807 ut
2078 2761 2187 2823 qufi.

287 2842 498 2896 horitur
535 2844 612 2907 II,
650 2844 720 2896 35
763 2861 862 2912 pro
907 2858 1014 2909 quo
1054 2842 1299 2908 moritur,
1345 2842 1489 2895 hunc
1537 2843 1581 2895 si
1634 2843 1751 2910 VII,
1794 2846 1855 2897 11
1899 2862 2001 2912 pro
2038 2841 2183 2906 unxi,

287 2929 439 2982 abire
477 2929 590 2995 VII,
632 2929 702 2982 34
744 2947 843 2998 pro
891 2927 1116 2993 habere,
1168 2933 1367 2997 augeat
1401 2927 1552 2995 VIII,
1589 2929 1659 2982 46
1700 2947 1801 2999 pro
1839 2928 2035 2995 Augia,
2090 2926 2184 2978 ubi

286 3016 342 3067 in
380 3015 681 3068 maiestatis
717 3017 930 3082 partem
966 3014 1115 3080 VIII,
1147 3015 1216 3067 49
1247 3033 1352 3085 pro
1390 3013 1484 3066 ubi
1516 3031 1767 3081 magnam
1799 3013 2026 3066 aestatis
2060 3029 2184 3080 par-

289 3106 412 3167 tem,
453 3106 506 3154 et
535 3102 677 3154 necti
712 3099 864 3166 VIII,
887 3101 959 3154 55
990 3119 1093 3170 pro
1124 3099 1355 3166 adnecti,
1394 3103 1547 3167 gr—am
1578 3098 1671 3170 (--=
1704 3098 1960 3168 gratiam)
1993 3097 2090 3164 IX,
2115 3099 2184 3151 33

285 3206 384 3256 pro
432 3186 733 3240 Graeciam.
826 3187 1019 3238 Tamen
1070 3186 1211 3237 haud
1258 3186 1368 3238 ‘scio
1419 3204 1490 3237 an
1541 3186 1698 3236 etiam
1749 3183 2000 3236 nonnulla
2051 3202 2186 3235 rnen-

288 3273 473 3324 dorum
532 3292 595 3325 eoe
652 3273 867 3342 scriptis
925 3271 1092 3322 verbis
1144 3271 1278 3323 male
1332 3271 1473 3323 lectis
1525 3279 1753 3323 ortorum
1813 3270 2047 3339 escempla
2105 3270 2184 3320 in-

291 3430 333 3482 1)
365 3432 561 3484 Eodem,
603 3432 682 3487 qui
720 3431 956 3487 Necroloq.
992 3430 1110 3474 illud
1146 3430 1342 3474 Merseb.
1378 3430 1593 3484 continet,
1633 3430 1727 3474 cod.
1764 3403 1958 3483 capituli
1987 3427 2181 3471 Merseb.

288 3515 359 3545 nr.
385 3503 481 3555 129,
504 3500 589 3555 fol.
614 3503 683 3545 38.
