2456 4036
185 417 314 462 1009.

195 2191 321 2235 1010.

102 3034 211 3074 Verg.
236 3034 330 3067 Aen.

153 3078 184 3118 1,
206 3079 283 3111 218.

347 285 430 329 166
865 280 1205 325 ΤΗΙΕΤΜΑΒΙ
1236 278 1453 324 CHRON.
1512 279 1627 323 LIB.
1658 279 1735 324 VI·

347 426 411 462 ex
449 408 738 475 improviso
778 424 941 459 manu
973 405 1153 457 valida
1191 404 1586 457 circumdantes
1618 409 1927 473 expugnant
1974 409 2029 458 et
2065 405 2238 459 divisa

348 480 494 532 omni
510 479 787 546 congerie²
809 476 1068 528 radicitus
1087 473 1258 547 [illud]
1277 475 1514 528 deiciunt
1533 492 1597 527 ac
1623 475 1871 528 incendio
1904 481 2238 532 consumunt.

490 550 575 604 54.
640 548 887 600 Pervenit
934 545 1070 617 [hoc]
1119 546 1188 598 ad
1232 563 1393 598 aures
1432 547 1597 613 regiS,
1643 551 1698 599 et
1742 546 2026 600 confestim
2063 547 2237 600 idemb

347 620 415 673 ad
469 618 779 684 Merseburg
828 618 962 670 haec
1011 617 1080 669 ad
1131 617 1498 669 discutienda0
1545 618 1867 685 properavit.
1964 616 2067 670 Sed
2118 635 2238 670 cum

346 690 546 743 ibidem
561 689 923 756 predictorum
941 689 1233 741 sententias
1251 689 1503 740 comitum
1521 687 2004 753 animadvertisset,
2027 689 2240 755 culpam

346 778 554 814 omnem
591 759 886 811 Guncelino
924 759 1173 828 imputat,
1214 759 1340 828 quia
1377 777 1432 812 se
1471 759 1526 810 in
1565 759 1748 812 multis
1781 760 1932 827 prius
1963 764 2241 826 sperneret

347 837 400 884 et
436 832 492 883 in
530 830 684 882 illato
725 830 827 882 sibi
866 829 1128 883 dedecore
1166 830 1399 882 ultorem
1437 847 1544 882 non
1590 835 1946 898 exspectaret.
2030 829 2242 883 Adiecit

347 907 550 964 autem,
613 901 755 969 quod
815 901 1050 954 familias
1111 902 1400 953 multorum
1459 918 1583 969 sepe
1635 900 1691 952 id
1745 900 1848 953 sibi
1901 902 2240 970 querentium

346 972 528 1039 Iudeis
561 972 803 1037 vendidit
838 968 1043 1025 eth‘ec
1081 973 1232 1025 iussu
1271 990 1366 1025 suo
1406 971 1504 1024 has
1540 971 1764 1024 reddere
1802 990 1899 1024 nec
1929 971 2242 1024 *latrocinia
2263 990 2282 1009 *

347 1038 528 1096 multis
560 1061 592 1094 a
623 1061 721 1095 sua
752 1048 1019 1110 potestate
1049 1044 1300 1096 nocentia
1330 1060 1586 1111 umquam
1618 1043 1827 1095 curavit
1857 1043 2238 1112 compescered.

346 1116 572 1183 Insuper
595 1120 817 1182 questus
841 1122 925 1168 est
947 1116 1205 1168 maiorem
1229 1115 1374 1182 apud
1397 1114 1724 1167 Bolizlavum
1758 1113 1984 1167 fratrem
2007 1115 2241 1181 gratiam

347 1188 606 1239 hactenus
636 1185 906 1251 habuisse,
946 1204 1106 1255 quam
1140 1184 1227 1258 [ei]
1261 1186 1475 1239 deceret
1505 1191 1599 1238 aut
1630 1185 1731 1237 sibi
1760 1185 1974 1254 placere
2005 1185 2239 1238 deberet.

346 1258 439 1310 Hii
468 1263 744 1326 presentes
776 1262 944 1322 erant,
978 1259 1071 1326 qui
1102 1276 1224 1310 cum
1257 1263 1423 1310 semet
1451 1257 1584 1323 ipsis
1615 1274 1766 1309 reum
1797 1274 1913 1309 esse
1944 1257 2243 1309 maiestatis

344 1347 604 1383 accusare
663 1328 963 1383 voluerunt.
1060 1329 1209 1381 Inter
1266 1333 1349 1380 tot
1405 1329 1817 1380 lamentationes
1885 1333 1939 1379 et
2004 1328 2242 1380 eiusdem

347 1417 674 1467 suorumque
713 1401 1102 1464 excusationeS,
1140 1400 1443 1468 principum
1479 1399 1862 1451 communitere
1894 1398 2178 1451 consilium
2210 1415 2244 1450 a

346 1490 470 1541 rege
516 1472 795 1540 quaeritur
833 1477 887 1523 et
925 1471 994 1524 ab
1033 1471 1139 1524 hiis
1178 1471 1270 1523 diu
1317 1471 1417 1524 hoc
1456 1475 1658 1523 secrete
1694 1469 2026 1522 volventibus
2063 1469 2246 1522 taliter

347 1543 723 1611 respondetur:
765 1543 991 1595 ‘Scimus
1030 1543 1172 1595 hunc
1221 1560 1348 1611 erga
1389 1559 1482 1594 vos
1519 1540 1940 1593 inexcusabilem
1981 1558 2087 1592 non
2129 1556 2246 1592 esse

348 1620 418 1685 et,
466 1621 527 1668 ut
570 1614 816 1667 vestrae*
860 1614 1053 1682 pietati
1098 1631 1154 1666 se
1199 1614 1344 1666 omni
1397 1613 1752 1666 reluctatione
1801 1616 2009 1664 remota
2045 1611 2246 1676 tradat,

347 1687 506 1740 nobis
551 1685 749 1738 bonum
786 1686 1014 1740 videtur.
1099 1687 1416 1738 Ammoneat
1452 1684 1579 1736 *vos
1624 1684 1929 1736 misericors
1969 1683 2138 1744 Deus,
2184 1686 2246 1735 ut

348 1777 455 1813 non
501 1758 768 1827 qualitate
815 1758 1010 1809 suimet
1053 1757 1254 1821 meriti,
1310 1756 1428 1809 sedf
1468 1773 1565 1824 pro
1611 1755 1914 1823 quantitate
1956 1753 2245 1806 ineffabilis

341 1831 663 1884 clementiae
694 1829 982 1890 vestrimet,
1019 1827 1089 1880 ad
1120 1828 1420 1895 exemplum
1453 1826 1699 1879 omnibus
1730 1825 1800 1878 ad
1843 1843 1936 1878 vos
1975 1825 2246 1877 conversis

347 1901 426 1975 [in
475 1919 536 1954 eo
583 1897 855 1971 faciatis].'
960 1899 1163 1952 Horum
1214 1899 1466 1952 consultu
1521 1915 1615 1950 rex
1678 1897 1955 1966 asspirans
2013 1896 2247 1963 suscepit

351 1974 579 2027 eundem
627 1977 678 2024 et
723 1970 949 2024 Arnulfo
995 1971 1227 2023 antistiti
1271 1969 1498 2022 firmiter
1542 1967 1956 2022 custodiendum
2005 1967 2246 2032 tradidit,

349 2044 572 2114 presidii
625 2043 1032 2096 continuatione
1096 2041 1164 2094 ab
1210 2041 1456 2094 hostibus
1500 2041 1664 2093 Misni
1717 2041 1962 2092 muniens
2021 2056 2248 2107 eamque

352 2116 422 2169 ad
459 2121 670 2184 tempus
707 2113 1095 2183 providendum
1133 2113 1468 2166 Frithericol
1506 2112 1892 2165 committensg.

495 2188 581 2241 55.
644 2187 895 2239 Proxima
931 2203 1054 2238 vero
1092 2202 1266 2237 messe
1303 2185 1606 2236 interventu
1638 2183 1858 2249 reginae
1900 2185 1953 2233 et
1990 2180 2250 2233 instinctu

353 2260 464 2312 cari
495 2258 787 2326 Taginonis
829 2257 1158 2309 Herimanno
1209 2256 1392 2308 comiti
1428 2255 1706 2307 marcham
1753 2253 1903 2306 dedit
1939 2257 1995 2304 et
2029 2252 2250 2305 consilio

354 2335 408 2385 et
445 2329 640 2384 laudeh
678 2330 982 2400 principum
1022 2327 1329 2380 eorundem.

499 2402 632 2474 (37.)
718 2402 932 2454 Interea
991 2399 1290 2466 predictam
1351 2397 1541 2450 urbem
1599 2396 1748 2448 Brun
1809 2411 2008 2454 comes,
2080 2394 2251 2446 frater

352 2476 664 2539 =(iruncelini,
712 2473 898 2525 ordine
936 2471 1067 2523 vicis
1105 2487 1235 2523 suae
1274 2467 1635 2533 custodiebat3
1683 2473 1737 2519 et
1774 2484 1896 2519 ecce
1933 2466 2103 2534 priori
2148 2464 2252 2529 die,

355 2566 519 2618 quam
559 2546 917 2599 Herimannus
955 2543 1290 2606 adventaret,
1337 2557 1530 2607 magna
1568 2538 1905 2591 Poleniorum
1946 2541 2159 2590 caterva
2196 2535 2252 2587 in

356 2622 532 2690 primo
578 2618 685 2671 diei
731 2615 1043 2684 crepusculo
1092 2612 1270 2665 Albim
1317 2618 1655 2678 transgressa
1706 2626 1875 2676 usque
1920 2608 1990 2660 ad
2038 2612 2253 2676 portam

360 2692 594 2746 civitatis
640 2686 743 2742 sibi
790 2687 1089 2754 promissae
1134 2685 1356 2737 silenter
1399 2681 1662 2736 veniebat.
1751 2680 1855 2733 Sed
1901 2697 2022 2732 cum
2066 2679 2254 2746 positis

359 2763 559 2817 ibidem
597 2759 861 2813 militibus
901 2756 1078 2809 facilis
1117 2757 1168 2808 ei
1204 2772 1309 2807 non
1347 2759 1561 2823 pateret
1599 2752 1872 2813 introitUS,
1921 2756 2002 2803 est
2038 2767 2256 2802 reversa

359 2835 551 2897 tristis,
583 2849 679 2901 pro
711 2830 885 2883 dolor!
919 2830 1091 2894 illesa,
1123 2832 1177 2880 et
1207 2827 1406 2879 nemini
1433 2842 1647 2878 nocens.
1702 2823 1878 2874 Huius
1901 2823 1979 2874 rei
2003 2821 2256 2873 ductores

363 2911 516 2960 erant
567 2905 672 2956 duo
721 2900 1044 2954 Wethenicii
1098 2917 1162 2951 ex
1208 2897 1491 2960 suburbio,
1547 2901 1608 2948 ut
1653 2900 1777 2962 post
1817 2893 2112 2946 revelatum
2157 2896 2254 2944 est.

360 2977 604 3045 Namque
644 2975 720 3026 hii
759 2973 1020 3040 sanguine
1060 2987 1156 3023 suo
1197 2970 1360 3022 talem
1405 2968 1597 3020 merito
1638 2965 2091 3034 presumptionem
2137 2980 2257 3030 per-

359 3049 607 3102 solvunt.⁴
663 3044 969 3098 Bolizlavus
1008 3040 1184 3095 autem
1233 3042 1373 3093 inter
1410 3057 1557 3108 spem
1603 3042 1913 3104 metumque
1959 3033 2259 3087 sollicitusk

363 3118 456 3243 [ini]
488 3118 752 3171 Budusinl
775 3113 909 3188 [hos]
935 3112 1256 3181 expectabat
1287 3117 1354 3175 et,
1379 3117 1440 3163 ut
1463 3110 1754 3163 adventare
1787 3108 1957 3159 socios
1982 3105 2258 3174 comperit,

366 3192 430 3244 de
456 3207 608 3244 usum
651 3207 706 3241 se
745 3187 980 3256 graviter
1021 3189 1216 3252 portat.
1283 3183 1411 3235 Post
1442 3179 1657 3253 [haec]¹1¹
1689 3179 2048 3231 Herimannus
2082 3193 2260 3229 comes

460 3321 505 3371 ⁹1⁴)
538 3333 622 3376 que
653 3330 820 3373 magna
850 3329 943 3360 esse
974 3315 1205 3369 expertum
1236 3314 1304 3355 est
1334 3312 1440 3356 add.
1464 3313 1503 3362 2,
1538 3315 1594 3353 A.
1619 3310 1666 3354 S.

367 3421 403 3459 a)
442 3418 604 3458 congerit
636 3419 677 3457 Β,
710 3425 797 3447 corr.
827 3416 869 3446 T·
978 3412 1018 3453 b)
1053 3412 1091 3444 id
1123 3415 1178 3443 cst
1208 3414 1251 3452 B,
1283 3421 1372 3443 corr.
1397 3411 1435 3442 T.
1547 3410 1579 3449 c)
1617 3407 1817 3440 discuenda.
1847 3409 1878 3438 1.
1967 3405 2007 3448 d)
2043 3414 2084 3438 es
2114 3404 2198 3436 add.
2219 3404 2265 3437 Τ..

368 3464 403 3504 6)
425 3461 649 3492 communica
673 3460 716 3499 B,
742 3468 832 3490 corr.
853 3457 891 3488 T.
971 3457 1001 3497 f)
1026 3456 1057 3487 si
1079 3456 1123 3496 B,
1148 3465 1239 3487 corr.
1258 3456 1298 3486 T.
1378 3452 1415 3494 g)
1439 3453 1616 3498 comitens
1638 3454 1668 3491 1,
1692 3450 1873 3482 commisit
1895 3450 1928 3481 2.
2007 3447 2047 3488 h)
2078 3456 2159 3480 cum
2182 3446 2260 3478 filio

369 3517 404 3545 et
441 3511 590 3542 laudant
620 3513 782 3550 B,-corr.
804 3510 844 3541 T.
966 3507 994 3546 i)
1032 3505 1065 3536 ci
1089 3505 1174 3536 add.
1203 3505 1242 3537 T.
1363 3502 1404 3544 k)
1443 3502 1578 3534 sollicit
1596 3504 1627 3534 1.
1725 3501 1752 3539 1)
1791 3500 1901 3532 busin
1918 3501 1957 3539 13
1980 3498 2137 3530 Budizin
2159 3496 2202 3528 A.
2222 3496 2262 3528 S.

369 3557 419 3595 m)
445 3557 494 3586 ita
520 3557 566 3593 T‚·
594 3554 762 3585 Postadte
780 3555 811 3584 Β
829 3561 897 3593 pro
922 3554 1068 3591 postera
1090 3548 1160 3580 die.

377 3634 415 3686 l)
449 3634 654 3677 Dedonz's
673 3632 828 3684 fratri
856 3643 1001 3684 supra
1032 3631 1089 3680 (c,
1113 3628 1190 3675 50)
1221 3630 1480 3679 memorato,
1514 3624 1663 3668 comiti
1692 3620 2062 3677 Eilenburyensi.

2268 1698 2286 1718 *
2302 1699 2370 1740 sol.

2364 998 2371 1020 ..

2394 3231 2428 3445 mmm>
2391 2642 2430 3210 *ffffiffwwfflffl
2397 2499 2413 2522 *
2400 1903 2401 1906 „
2400 1523 2405 1535 2
2394 1421 2421 1466 -,;
2395 870 2406 878 ⁴
2387 678 2391 686 ²
2386 652 2387 655 ‘

2439 2956 2442 2983 *m
2439 2930 2441 2935 -
2439 2863 2443 2880 .-
2443 2277 2446 2286 A.
2440 2169 2446 2193 ..n-1
2440 2121 2446 2135 n
2447 2063 2448 2066 „
2440 2023 2444 2027 v
2440 1906 2447 1975 r;„..,‹..
2439 1849 2447 1888 1-...
2441 1796 2447 1834 —n.-A
2442 1774 2447 1789 ..
2430 1706 2436 1726 *¹
2441 1646 2448 1669 μ’
2439 1616 2441 1619 ⁴
2436 1593 2438 1597 ⁴
2436 1533 2447 1575 1'5„
2436 1432 2447 1503 ..z-'M
2442 1355 2447 1418 ⁴...n*=
2445 1011 2447 1013 .
2444 971 2447 973 .
