<?xml version="1.0" encoding="UTF-8"?>
<!DOCTYPE html PUBLIC "-//W3C//DTD XHTML 1.0 Transitional//EN"
    "http://www.w3.org/TR/xhtml1/DTD/xhtml1-transitional.dtd">
<html xmlns="http://www.w3.org/1999/xhtml" xml:lang="en" lang="en">
 <head>
  <title>
</title>
<meta http-equiv="Content-Type" content="text/html;charset=utf-8" />
  <meta name='ocr-system' content='tesseract 3.04.00' />
  <meta name='ocr-capabilities' content='ocr_page ocr_carea ocr_par ocr_line ocrx_word'/>
</head>
<body>
  <div class='ocr_page' id='page_1' title='image "./thietmarimersebu00thieuoft_0243.png"; bbox 0 0 2456 4036; ppageno 0'>
   <div class='ocr_carea' id='block_1_1' title="bbox 0 0 100 4036">
    <p class='ocr_par' dir='ltr' id='par_1_1' title="bbox 0 0 100 4036">
     <span class='ocr_line' id='line_1_1' title="bbox 0 0 100 4036; baseline 0 0"><span class='ocrx_word' id='word_1_1' title='bbox 0 0 100 4036; x_wconf 95' lang='lat' dir='ltr'> </span> 
     </span>
    </p>
   </div>
   <div class='ocr_carea' id='block_1_2' title="bbox 90 894 198 930">
    <p class='ocr_par' dir='ltr' id='par_1_2' title="bbox 90 894 198 930">
     <span class='ocr_line' id='line_1_2' title="bbox 90 894 198 930; baseline 0 -2"><span class='ocrx_word' id='word_1_2' title='bbox 90 919 99 928; x_wconf 94' lang='lat'>.</span> <span class='ocrx_word' id='word_1_3' title='bbox 114 894 198 930; x_wconf 78' lang='lat'>162⁴.</span> 
     </span>
    </p>
   </div>
   <div class='ocr_carea' id='block_1_3' title="bbox 98 2742 197 2775">
    <p class='ocr_par' dir='ltr' id='par_1_3' title="bbox 98 2742 197 2775">
     <span class='ocr_line' id='line_1_3' title="bbox 98 2742 197 2775; baseline 0 -1"><span class='ocrx_word' id='word_1_4' title='bbox 98 2763 108 2775; x_wconf 82' lang='lat'>.</span> <span class='ocrx_word' id='word_1_5' title='bbox 125 2742 197 2775; x_wconf 82' lang='lat'>163.</span> 
     </span>
    </p>
   </div>
   <div class='ocr_carea' id='block_1_4' title="bbox 629 255 2091 310">
    <p class='ocr_par' dir='ltr' id='par_1_4' title="bbox 629 255 2091 310">
     <span class='ocr_line' id='line_1_4' title="bbox 629 255 2091 310; baseline 0.001 -10"><span class='ocrx_word' id='word_1_6' title='bbox 629 255 962 300; x_wconf 84' lang='lat' dir='ltr'>THIETMARI</span> <span class='ocrx_word' id='word_1_7' title='bbox 992 255 1208 301; x_wconf 85' lang='lat' dir='ltr'>CHRON.</span> <span class='ocrx_word' id='word_1_8' title='bbox 1266 257 1379 301; x_wconf 90' lang='lat' dir='ltr'>LIB.</span> <span class='ocrx_word' id='word_1_9' title='bbox 1413 256 1524 300; x_wconf 91' lang='lat' dir='ltr'>VIII</span> <span class='ocrx_word' id='word_1_10' title='bbox 1557 256 1694 310; x_wconf 90' lang='lat' dir='ltr'>(VII).</span> <span class='ocrx_word' id='word_1_11' title='bbox 2009 259 2091 303; x_wconf 77' lang='lat'>2-21</span> 
     </span>
    </p>
   </div>
   <div class='ocr_carea' id='block_1_5' title="bbox 220 382 2260 2869">
    <p class='ocr_par' dir='ltr' id='par_1_5' title="bbox 226 382 2093 522">
     <span class='ocr_line' id='line_1_5' title="bbox 227 382 2093 453; baseline 0.001 -18"><span class='ocrx_word' id='word_1_12' title='bbox 227 383 410 453; x_wconf 89' lang='lat' dir='ltr'>[enim]</span> <span class='ocrx_word' id='word_1_13' title='bbox 448 383 503 434; x_wconf 93' lang='lat' dir='ltr'>in</span> <span class='ocrx_word' id='word_1_14' title='bbox 541 387 687 434; x_wconf 89' lang='lat' dir='ltr'>terra</span> <span class='ocrx_word' id='word_1_15' title='bbox 722 382 824 434; x_wconf 89' lang='lat' dir='ltr'>hac</span> <span class='ocrx_word' id='word_1_16' title='bbox 863 383 1033 451; x_wconf 92' lang='lat' dir='ltr'>[tunc]</span> <span class='ocrx_word' id='word_1_17' title='bbox 1073 382 1309 436; x_wconf 82' lang='lat' dir='ltr'>deterior</span> <span class='ocrx_word' id='word_1_18' title='bbox 1344 383 1459 447; x_wconf 86' lang='lat' dir='ltr'>illo,</span> <span class='ocrx_word' id='word_1_19' title='bbox 1507 383 1597 451; x_wconf 89' lang='lat' dir='ltr'>qui</span> <span class='ocrx_word' id='word_1_20' title='bbox 1637 382 1832 436; x_wconf 88' lang='lat' dir='ltr'>multos</span> <span class='ocrx_word' id='word_1_21' title='bbox 1877 383 1933 435; x_wconf 89' lang='lat' dir='ltr'>in</span> <span class='ocrx_word' id='word_1_22' title='bbox 1976 400 2093 436; x_wconf 86' lang='lat' dir='ltr'>aec-</span> 
     </span>
     <span class='ocr_line' id='line_1_6' title="bbox 226 451 2092 522; baseline 0 -16"><span class='ocrx_word' id='word_1_23' title='bbox 226 453 400 506; x_wconf 88' lang='lat' dir='ltr'>clesiis</span> <span class='ocrx_word' id='word_1_24' title='bbox 446 470 566 504; x_wconf 90' lang='lat' dir='ltr'>cum</span> <span class='ocrx_word' id='word_1_25' title='bbox 610 451 737 504; x_wconf 89' lang='lat' dir='ltr'>fune</span> <span class='ocrx_word' id='word_1_26' title='bbox 781 469 1158 520; x_wconf 91' lang='lat' dir='ltr'>campanarum</span> <span class='ocrx_word' id='word_1_27' title='bbox 1211 454 1573 522; x_wconf 79' lang='lat' dir='ltr'>strangulavit.</span> <span class='ocrx_word' id='word_1_28' title='bbox 1665 455 1804 518; x_wconf 84' lang='lat' dir='ltr'>Quot</span> <span class='ocrx_word' id='word_1_29' title='bbox 1855 453 2092 507; x_wconf 90' lang='lat' dir='ltr'>homines</span> 
     </span>
    </p>

    <p class='ocr_par' dir='ltr' id='par_1_6' title="bbox 224 522 2093 665">
     <span class='ocr_line' id='line_1_7' title="bbox 225 522 2093 592; baseline 0.001 -16"><span class='ocrx_word' id='word_1_30' title='bbox 225 524 313 577; x_wconf 87' lang='lat' dir='ltr'>hic</span> <span class='ocrx_word' id='word_1_31' title='bbox 344 522 738 575; x_wconf 79' lang='lat' dir='ltr'>exhereditaret</span> <span class='ocrx_word' id='word_1_32' title='bbox 768 523 849 574; x_wconf 90' lang='lat' dir='ltr'>vel</span> <span class='ocrx_word' id='word_1_33' title='bbox 878 523 1157 588; x_wconf 81' lang='lat' dir='ltr'>occideret,</span> <span class='ocrx_word' id='word_1_34' title='bbox 1196 525 1374 577; x_wconf 91' lang='lat' dir='ltr'>nullus</span> <span class='ocrx_word' id='word_1_35' title='bbox 1405 525 1671 592; x_wconf 88' lang='lat' dir='ltr'>explicare</span> <span class='ocrx_word' id='word_1_36' title='bbox 1700 524 1856 579; x_wconf 87' lang='lat' dir='ltr'>valet.</span> <span class='ocrx_word' id='word_1_37' title='bbox 1930 523 2093 578; x_wconf 90' lang='lat' dir='ltr'>Num-</span> 
     </span>
     <span class='ocr_line' id='line_1_8' title="bbox 224 592 2092 665; baseline 0.001 -18"><span class='ocrx_word' id='word_1_38' title='bbox 224 611 384 663; x_wconf 87' lang='lat' dir='ltr'><strong>quam</strong></span> <span class='ocrx_word' id='word_1_39' title='bbox 424 594 515 662; x_wconf 91' lang='lat' dir='ltr'>[is]</span> <span class='ocrx_word' id='word_1_40' title='bbox 554 592 619 645; x_wconf 90' lang='lat' dir='ltr'>de</span> <span class='ocrx_word' id='word_1_41' title='bbox 655 599 961 662; x_wconf 88' lang='lat' dir='ltr'>perpetrato</span> <span class='ocrx_word' id='word_1_42' title='bbox 996 594 1233 647; x_wconf 87' lang='lat' dir='ltr'>facinore</span> <span class='ocrx_word' id='word_1_43' title='bbox 1263 596 1611 664; x_wconf 85' lang='lat' dir='ltr'>penitentiam</span> <span class='ocrx_word' id='word_1_44' title='bbox 1642 596 1909 665; x_wconf 82' lang='lat' dir='ltr'>suscipere</span> <span class='ocrx_word' id='word_1_45' title='bbox 1940 613 2092 649; x_wconf 86' lang='lat' dir='ltr'>cura-</span> 
     </span>
    </p>

    <p class='ocr_par' dir='ltr' id='par_1_7' title="bbox 222 663 2260 1088">
     <span class='ocr_line' id='line_1_9' title="bbox 223 663 2094 734; baseline 0.002 -18"><span class='ocrx_word' id='word_1_46' title='bbox 223 667 312 720; x_wconf 88' lang='lat' dir='ltr'>vit.</span> <span class='ocrx_word' id='word_1_47' title='bbox 389 665 481 717; x_wconf 89' lang='lat' dir='ltr'>Ille</span> <span class='ocrx_word' id='word_1_48' title='bbox 527 681 646 717; x_wconf 92' lang='lat' dir='ltr'>cum</span> <span class='ocrx_word' id='word_1_49' title='bbox 683 663 850 716; x_wconf 88' lang='lat' dir='ltr'>fratre</span> <span class='ocrx_word' id='word_1_50' title='bbox 888 665 1082 718; x_wconf 87' lang='lat' dir='ltr'>suimet</span> <span class='ocrx_word' id='word_1_51' title='bbox 1117 666 1397 734; x_wconf 87' lang='lat' dir='ltr'>Reingerio</span> <span class='ocrx_word' id='word_1_52' title='bbox 1420 676 1443 699; x_wconf 74' lang='lat'>²</span> <span class='ocrx_word' id='word_1_53' title='bbox 1467 666 1848 719; x_wconf 88' lang='lat' dir='ltr'>Wirinharium</span> <span class='ocrx_word' id='word_1_54' title='bbox 1890 671 1943 720; x_wconf 91' lang='lat' dir='ltr'>et</span> <span class='ocrx_word' id='word_1_55' title='bbox 1979 669 2094 720; x_wconf 90' lang='lat' dir='ltr'>eius</span> 
     </span>
     <span class='ocr_line' id='line_1_10' title="bbox 223 735 2260 805; baseline 0.001 -17"><span class='ocrx_word' id='word_1_56' title='bbox 223 753 533 805; x_wconf 87' lang='lat' dir='ltr'>germanum</span> <span class='ocrx_word' id='word_1_57' title='bbox 564 735 884 787; x_wconf 86' lang='lat' dir='ltr'>Reinzonem</span> <span class='ocrx_word' id='word_1_58' title='bbox 920 736 1123 803; x_wconf 89' lang='lat' dir='ltr'>pariter</span> <span class='ocrx_word' id='word_1_59' title='bbox 1159 736 1368 789; x_wconf 85' lang='lat' dir='ltr'>occidit.</span> <span class='ocrx_word' id='word_1_60' title='bbox 1446 737 1618 790; x_wconf 90' lang='lat' dir='ltr'>Huius</span> <span class='ocrx_word' id='word_1_61' title='bbox 1648 738 1834 804; x_wconf 84' lang='lat' dir='ltr'>paterb</span> <span class='ocrx_word' id='word_1_62' title='bbox 1863 737 1934 790; x_wconf 88' lang='lat' dir='ltr'>ad</span> <span class='ocrx_word' id='word_1_63' title='bbox 1964 738 2093 791; x_wconf 90' lang='lat' dir='ltr'>Boe·</span> <span class='ocrx_word' id='word_1_64' title='bbox 2125 745 2260 799; x_wconf 86' lang='lat'>(974).</span> 
     </span>
     <span class='ocr_line' id='line_1_11' title="bbox 222 806 2259 877; baseline 0 -18"><span class='ocrx_word' id='word_1_65' title='bbox 222 808 386 859; x_wconf 91' lang='lat' dir='ltr'>miam</span> <span class='ocrx_word' id='word_1_66' title='bbox 423 807 491 859; x_wconf 93' lang='lat' dir='ltr'>ab</span> <span class='ocrx_word' id='word_1_67' title='bbox 532 806 725 859; x_wconf 89' lang='lat' dir='ltr'>Ottone</span> <span class='ocrx_word' id='word_1_68' title='bbox 773 806 830 857; x_wconf 90' lang='lat' dir='ltr'>in</span> <span class='ocrx_word' id='word_1_69' title='bbox 866 806 1086 858; x_wconf 84' lang='lat' dir='ltr'>exilium</span> <span class='ocrx_word' id='word_1_70' title='bbox 1138 807 1332 859; x_wconf 89' lang='lat' dir='ltr'>missus</span> <span class='ocrx_word' id='word_1_71' title='bbox 1382 807 1578 861; x_wconf 89' lang='lat' dir='ltr'>ibidem</span> <span class='ocrx_word' id='word_1_72' title='bbox 1623 809 1897 861; x_wconf 83' lang='lat' dir='ltr'>moriturl.</span> <span class='ocrx_word' id='word_1_73' title='bbox 1971 809 2095 877; x_wconf 86' lang='lat' dir='ltr'>Ipsa</span> <span class='ocrx_word' id='word_1_74' title='bbox 2126 816 2259 871; x_wconf 82' lang='lat'>(958).</span> 
     </span>
     <span class='ocr_line' id='line_1_12' title="bbox 222 876 2094 946; baseline 0.001 -14"><span class='ocrx_word' id='word_1_75' title='bbox 222 877 508 932; x_wconf 87' lang='lat' dir='ltr'>eorundem</span> <span class='ocrx_word' id='word_1_76' title='bbox 543 876 744 946; x_wconf 84' lang='lat' dir='ltr'>pa*tria</span> <span class='ocrx_word' id='word_1_77' title='bbox 773 877 1003 929; x_wconf 87' lang='lat' dir='ltr'>viventes</span> <span class='ocrx_word' id='word_1_78' title='bbox 1033 876 1218 942; x_wconf 90' lang='lat' dir='ltr'>doluit,</span> <span class='ocrx_word' id='word_1_79' title='bbox 1258 879 1483 931; x_wconf 88' lang='lat' dir='ltr'>amissos</span> <span class='ocrx_word' id='word_1_80' title='bbox 1512 879 1723 946; x_wconf 89' lang='lat' dir='ltr'>gaudet.</span> <span class='ocrx_word' id='word_1_81' title='bbox 1799 880 1914 933; x_wconf 89' lang='lat' dir='ltr'>Hoc</span> <span class='ocrx_word' id='word_1_82' title='bbox 1944 880 2094 933; x_wconf 91' lang='lat' dir='ltr'>dum-</span> 
     </span>
     <span class='ocr_line' id='line_1_13' title="bbox 223 946 2094 1018; baseline 0.002 -16"><span class='ocrx_word' id='word_1_83' title='bbox 223 954 377 1002; x_wconf 84' lang='lat' dir='ltr'>taxat</span> <span class='ocrx_word' id='word_1_84' title='bbox 422 948 674 1016; x_wconf 83' lang='lat' dir='ltr'>conqueri</span> <span class='ocrx_word' id='word_1_85' title='bbox 718 946 999 1013; x_wconf 76' lang='lat' dir='ltr'>debemUS‚</span> <span class='ocrx_word' id='word_1_86' title='bbox 1045 948 1187 1015; x_wconf 90' lang='lat' dir='ltr'>quod</span> <span class='ocrx_word' id='word_1_87' title='bbox 1230 966 1291 1000; x_wconf 91' lang='lat' dir='ltr'>eo</span> <span class='ocrx_word' id='word_1_88' title='bbox 1338 948 1424 1001; x_wconf 90' lang='lat' dir='ltr'>die</span> <span class='ocrx_word' id='word_1_89' title='bbox 1459 955 1677 1018; x_wconf 92' lang='lat' dir='ltr'>propter</span> <span class='ocrx_word' id='word_1_90' title='bbox 1712 958 1991 1005; x_wconf 86' lang='lat' dir='ltr'>nocentem</span> <span class='ocrx_word' id='word_1_91' title='bbox 2029 970 2094 1004; x_wconf 89' lang='lat' dir='ltr'>ex</span> 
     </span>
     <span class='ocr_line' id='line_1_14' title="bbox 222 1017 2020 1088; baseline 0.002 -15"><span class='ocrx_word' id='word_1_92' title='bbox 222 1026 482 1088; x_wconf 74' lang='lat' dir='ltr'>utraque⁰</span> <span class='ocrx_word' id='word_1_93' title='bbox 519 1024 671 1087; x_wconf 87' lang='lat' dir='ltr'>parte</span> <span class='ocrx_word' id='word_1_94' title='bbox 709 1017 1163 1087; x_wconf 86' lang='lat' dir='ltr'>congredientium</span> <span class='ocrx_word' id='word_1_95' title='bbox 1200 1025 1279 1071; x_wconf 89' lang='lat' dir='ltr'>tot</span> <span class='ocrx_word' id='word_1_96' title='bbox 1315 1020 1664 1088; x_wconf 83' lang='lat' dir='ltr'>inculpabiles</span> <span class='ocrx_word' id='word_1_97' title='bbox 1702 1022 2020 1076; x_wconf 89' lang='lat' dir='ltr'>ceciderunt.</span> 
     </span>
    </p>

    <p class='ocr_par' dir='ltr' id='par_1_8' title="bbox 223 1089 2246 1429">
     <span class='ocr_line' id='line_1_15' title="bbox 365 1089 2246 1162; baseline -0.001 -18"><span class='ocrx_word' id='word_1_98' title='bbox 365 1090 501 1159; x_wconf 88' lang='lat'><strong>(33.)</strong></span> <span class='ocrx_word' id='word_1_99' title='bbox 583 1090 837 1143; x_wconf 87' lang='lat' dir='ltr'>Caeterae</span> <span class='ocrx_word' id='word_1_100' title='bbox 891 1089 1056 1158; x_wconf 87' lang='lat' dir='ltr'>[vero]</span> <span class='ocrx_word' id='word_1_101' title='bbox 1108 1090 1164 1141; x_wconf 90' lang='lat' dir='ltr'>in</span> <span class='ocrx_word' id='word_1_102' title='bbox 1215 1089 1318 1142; x_wconf 89' lang='lat' dir='ltr'>hiis</span> <span class='ocrx_word' id='word_1_103' title='bbox 1374 1091 1617 1159; x_wconf 86' lang='lat' dir='ltr'>partibus</span> <span class='ocrx_word' id='word_1_104' title='bbox 1676 1094 1934 1161; x_wconf 71' lang='lat' dir='ltr'>stragesd,</span> <span class='ocrx_word' id='word_1_105' title='bbox 1995 1111 2091 1162; x_wconf 88' lang='lat' dir='ltr'>pro</span> <span class='ocrx_word' id='word_1_106' title='bbox 2122 1100 2246 1146; x_wconf 88' lang='lat'>1016.</span> 
     </span>
     <span class='ocr_line' id='line_1_16' title="bbox 224 1161 2093 1236; baseline 0.002 -21"><span class='ocrx_word' id='word_1_107' title='bbox 224 1162 395 1215; x_wconf 87' lang='lat' dir='ltr'>dolor!</span> <span class='ocrx_word' id='word_1_108' title='bbox 435 1162 489 1214; x_wconf 91' lang='lat' dir='ltr'>in</span> <span class='ocrx_word' id='word_1_109' title='bbox 528 1161 635 1214; x_wconf 91' lang='lat' dir='ltr'>illis</span> <span class='ocrx_word' id='word_1_110' title='bbox 671 1161 998 1229; x_wconf 90' lang='lat' dir='ltr'>temporibus</span> <span class='ocrx_word' id='word_1_111' title='bbox 1038 1176 1273 1229; x_wconf 65' lang='lat' dir='ltr'>evenere.</span> <span class='ocrx_word' id='word_1_112' title='bbox 1350 1162 1409 1213; x_wconf 91' lang='lat' dir='ltr'>In</span> <span class='ocrx_word' id='word_1_113' title='bbox 1446 1179 1607 1229; x_wconf 92' lang='lat' dir='ltr'>regno</span> <span class='ocrx_word' id='word_1_114' title='bbox 1649 1161 1913 1236; x_wconf 89' lang='lat' dir='ltr'>[namque]</span> <span class='ocrx_word' id='word_1_115' title='bbox 1951 1166 2093 1234; x_wconf 91' lang='lat' dir='ltr'>paci-</span> 
     </span>
     <span class='ocr_line' id='line_1_17' title="bbox 223 1231 2093 1304; baseline 0.001 -18"><span class='ocrx_word' id='word_1_116' title='bbox 223 1233 310 1286; x_wconf 90' lang='lat' dir='ltr'>fici</span> <span class='ocrx_word' id='word_1_117' title='bbox 339 1238 393 1286; x_wconf 92' lang='lat' dir='ltr'>et</span> <span class='ocrx_word' id='word_1_118' title='bbox 420 1250 516 1301; x_wconf 90' lang='lat' dir='ltr'>per</span> <span class='ocrx_word' id='word_1_119' title='bbox 545 1232 723 1285; x_wconf 90' lang='lat' dir='ltr'>omnia</span> <span class='ocrx_word' id='word_1_120' title='bbox 751 1231 1071 1284; x_wconf 85' lang='lat' dir='ltr'>venerabilis</span> <span class='ocrx_word' id='word_1_121' title='bbox 1100 1231 1375 1284; x_wconf 75' lang='lat' dir='ltr'>Rotbertie</span> <span class='ocrx_word' id='word_1_122' title='bbox 1405 1234 1546 1301; x_wconf 86' lang='lat' dir='ltr'>regis</span> <span class='ocrx_word' id='word_1_123' title='bbox 1560 1232 1596 1298; x_wconf 82' lang='lat'>2,</span> <span class='ocrx_word' id='word_1_124' title='bbox 1627 1236 2093 1304; x_wconf 88' lang='lat' dir='ltr'>comprovinciales</span> 
     </span>
     <span class='ocr_line' id='line_1_18' title="bbox 223 1302 2092 1428; baseline 0.002 -72"><span class='ocrx_word' id='word_1_125' title='bbox 223 1305 505 1428; x_wconf 74' lang='lat' dir='ltr'>hiilmutuo</span> <span class='ocrx_word' id='word_1_126' title='bbox 531 1302 883 1372; x_wconf 79' lang='lat' dir='ltr'>confligenteS‚</span> <span class='ocrx_word' id='word_1_127' title='bbox 914 1302 1182 1355; x_wconf 86' lang='lat' dir='ltr'>interfecti</span> <span class='ocrx_word' id='word_1_128' title='bbox 1213 1309 1338 1356; x_wconf 90' lang='lat' dir='ltr'>sunt</span> <span class='ocrx_word' id='word_1_129' title='bbox 1360 1304 1479 1371; x_wconf 85' lang='lat' dir='ltr'>plus</span> <span class='ocrx_word' id='word_1_130' title='bbox 1505 1322 1660 1372; x_wconf 90' lang='lat' dir='ltr'>quam</span> <span class='ocrx_word' id='word_1_131' title='bbox 1691 1307 1798 1358; x_wconf 91' lang='lat' dir='ltr'>tria</span> <span class='ocrx_word' id='word_1_132' title='bbox 1821 1306 2092 1360; x_wconf 89' lang='lat' dir='ltr'>hominum</span> 
     </span>
     <span class='ocr_line' id='line_1_19' title="bbox 223 1393 386 1429; baseline 0.012 -2"><span class='ocrx_word' id='word_1_133' title='bbox 223 1394 295 1428; x_wconf 92' lang='lat' dir='ltr'>m1</span> <span class='ocrx_word' id='word_1_134' title='bbox 318 1393 386 1429; x_wconf 92' lang='lat' dir='ltr'>1a.</span> 
     </span>
    </p>

    <p class='ocr_par' dir='ltr' id='par_1_9' title="bbox 221 1443 2246 1800">
     <span class='ocr_line' id='line_1_20' title="bbox 366 1443 2093 1514; baseline 0.002 -16"><span class='ocrx_word' id='word_1_135' title='bbox 366 1446 476 1499; x_wconf 92' lang='lat' dir='ltr'>Nec</span> <span class='ocrx_word' id='word_1_136' title='bbox 514 1452 594 1498; x_wconf 88' lang='lat' dir='ltr'>est</span> <span class='ocrx_word' id='word_1_137' title='bbox 631 1464 664 1498; x_wconf 90' lang='lat' dir='ltr'>a</span> <span class='ocrx_word' id='word_1_138' title='bbox 701 1463 784 1499; x_wconf 92' lang='lat' dir='ltr'>me</span> <span class='ocrx_word' id='word_1_139' title='bbox 820 1443 1246 1514; x_wconf 90' lang='lat' dir='ltr'>pretereundum,</span> <span class='ocrx_word' id='word_1_140' title='bbox 1285 1445 1427 1512; x_wconf 90' lang='lat' dir='ltr'>quod</span> <span class='ocrx_word' id='word_1_141' title='bbox 1464 1451 1584 1513; x_wconf 88' lang='lat' dir='ltr'>post</span> <span class='ocrx_word' id='word_1_142' title='bbox 1619 1446 1750 1499; x_wconf 88' lang='lat' dir='ltr'>haec</span> <span class='ocrx_word' id='word_1_143' title='bbox 1788 1448 1986 1501; x_wconf 88' lang='lat' dir='ltr'>accidit</span> <span class='ocrx_word' id='word_1_144' title='bbox 2014 1450 2093 1502; x_wconf 91' lang='lat' dir='ltr'>in-</span> 
     </span>
     <span class='ocr_line' id='line_1_21' title="bbox 224 1514 2094 1587; baseline 0.002 -17"><span class='ocrx_word' id='word_1_145' title='bbox 224 1517 589 1587; x_wconf 79' lang='lat' dir='ltr'>exuperabilef</span> <span class='ocrx_word' id='word_1_146' title='bbox 654 1517 920 1570; x_wconf 88' lang='lat' dir='ltr'>damnum.</span> <span class='ocrx_word' id='word_1_147' title='bbox 1032 1514 1275 1584; x_wconf 89' lang='lat' dir='ltr'>Namque</span> <span class='ocrx_word' id='word_1_148' title='bbox 1352 1517 1627 1570; x_wconf 86' lang='lat' dir='ltr'>avinculus</span> <span class='ocrx_word' id='word_1_149' title='bbox 1700 1536 1848 1572; x_wconf 88' lang='lat' dir='ltr'>meus</span> <span class='ocrx_word' id='word_1_150' title='bbox 1922 1537 2094 1573; x_wconf 89' lang='lat' dir='ltr'>comes</span> 
     </span>
     <span class='ocr_line' id='line_1_22' title="bbox 223 1587 2095 1658; baseline 0.002 -17"><span class='ocrx_word' id='word_1_151' title='bbox 223 1589 507 1642; x_wconf 90' lang='lat' dir='ltr'>Heinricus</span> <span class='ocrx_word' id='word_1_152' title='bbox 544 1590 599 1641; x_wconf 89' lang='lat' dir='ltr'>in</span> <span class='ocrx_word' id='word_1_153' title='bbox 639 1587 853 1641; x_wconf 87' lang='lat' dir='ltr'>Christo</span> <span class='ocrx_word' id='word_1_154' title='bbox 899 1591 952 1639; x_wconf 89' lang='lat' dir='ltr'>et</span> <span class='ocrx_word' id='word_1_155' title='bbox 987 1587 1042 1639; x_wconf 89' lang='lat' dir='ltr'>in</span> <span class='ocrx_word' id='word_1_156' title='bbox 1080 1587 1178 1640; x_wconf 90' lang='lat' dir='ltr'>hoc</span> <span class='ocrx_word' id='word_1_157' title='bbox 1222 1587 1402 1640; x_wconf 88' lang='lat' dir='ltr'>seculo</span> <span class='ocrx_word' id='word_1_158' title='bbox 1438 1589 1664 1641; x_wconf 92' lang='lat' dir='ltr'>multum</span> <span class='ocrx_word' id='word_1_159' title='bbox 1702 1590 1880 1643; x_wconf 90' lang='lat' dir='ltr'>valens</span> <span class='ocrx_word' id='word_1_160' title='bbox 1917 1597 2095 1658; x_wconf 88' lang='lat' dir='ltr'>gratu-</span> 
     </span>
     <span class='ocr_line' id='line_1_23' title="bbox 222 1657 2094 1730; baseline 0.001 -17"><span class='ocrx_word' id='word_1_161' title='bbox 222 1660 489 1713; x_wconf 88' lang='lat' dir='ltr'>labundus</span> <span class='ocrx_word' id='word_1_162' title='bbox 533 1660 675 1713; x_wconf 84' lang='lat' dir='ltr'>iusta</span> <span class='ocrx_word' id='word_1_163' title='bbox 721 1664 992 1712; x_wconf 87' lang='lat' dir='ltr'>senectute</span> <span class='ocrx_word' id='word_1_164' title='bbox 1049 1663 1101 1711; x_wconf 91' lang='lat' dir='ltr'>et</span> <span class='ocrx_word' id='word_1_165' title='bbox 1143 1657 1312 1711; x_wconf 73' lang='lat' dir='ltr'>bonoss</span> <span class='ocrx_word' id='word_1_166' title='bbox 1363 1658 1467 1711; x_wconf 91' lang='lat' dir='ltr'>fine</span> <span class='ocrx_word' id='word_1_167' title='bbox 1526 1661 1804 1730; x_wconf 89' lang='lat' dir='ltr'>utriusque</span> <span class='ocrx_word' id='word_1_168' title='bbox 1857 1662 2094 1716; x_wconf 90' lang='lat' dir='ltr'>debitum</span> 
     </span>
     <span class='ocr_line' id='line_1_24' title="bbox 221 1728 2246 1800; baseline -0.003 -15"><span class='ocrx_word' id='word_1_169' title='bbox 221 1732 473 1800; x_wconf 90' lang='lat' dir='ltr'>persolvit</span> <span class='ocrx_word' id='word_1_170' title='bbox 509 1736 734 1784; x_wconf 89' lang='lat' dir='ltr'>naturae</span> <span class='ocrx_word' id='word_1_171' title='bbox 774 1730 862 1782; x_wconf 90' lang='lat' dir='ltr'>VI.</span> <span class='ocrx_word' id='word_1_172' title='bbox 893 1728 1025 1782; x_wconf 91' lang='lat' dir='ltr'>Non.</span> <span class='ocrx_word' id='word_1_173' title='bbox 1060 1729 1275 1782; x_wconf 89' lang='lat' dir='ltr'>Octobr.</span> <span class='ocrx_word' id='word_1_174' title='bbox 1288 1728 1329 1780; x_wconf 89' lang='lat'>3.</span> <span class='ocrx_word' id='word_1_175' title='bbox 2117 1745 2198 1779; x_wconf 76' lang='lat' dir='ltr'>oct.</span> <span class='ocrx_word' id='word_1_176' title='bbox 2213 1748 2246 1779; x_wconf 85' lang='lat'>2.</span> 
     </span>
    </p>

    <p class='ocr_par' dir='ltr' id='par_1_10' title="bbox 220 1800 2248 2869">
     <span class='ocr_line' id='line_1_25' title="bbox 363 1800 2094 1872; baseline 0.001 -17"><span class='ocrx_word' id='word_1_177' title='bbox 363 1803 450 1858; x_wconf 88' lang='grc'>47.</span> <span class='ocrx_word' id='word_1_178' title='bbox 487 1803 710 1871; x_wconf 87' lang='lat' dir='ltr'>Insuper</span> <span class='ocrx_word' id='word_1_179' title='bbox 733 1801 1079 1870; x_wconf 90' lang='lat' dir='ltr'>Wigmannus</span> <span class='ocrx_word' id='word_1_180' title='bbox 1110 1800 1319 1853; x_wconf 86' lang='lat' dir='ltr'>comes4</span> <span class='ocrx_word' id='word_1_181' title='bbox 1349 1801 1495 1854; x_wconf 88' lang='lat' dir='ltr'>utilis</span> <span class='ocrx_word' id='word_1_182' title='bbox 1527 1802 1582 1853; x_wconf 91' lang='lat' dir='ltr'>in</span> <span class='ocrx_word' id='word_1_183' title='bbox 1613 1802 1858 1856; x_wconf 89' lang='lat' dir='ltr'>omnibus</span> <span class='ocrx_word' id='word_1_184' title='bbox 1887 1805 2094 1872; x_wconf 84' lang='lat' dir='ltr'>patriae</span> 
     </span>
     <span class='ocr_line' id='line_1_26' title="bbox 225 1872 2094 1943; baseline 0.001 -17"><span class='ocrx_word' id='word_1_185' title='bbox 225 1878 402 1927; x_wconf 89' lang='lat' dir='ltr'>ortatu</span> <span class='ocrx_word' id='word_1_186' title='bbox 433 1874 696 1927; x_wconf 90' lang='lat' dir='ltr'>secundae</span> <span class='ocrx_word' id='word_1_187' title='bbox 725 1872 1046 1926; x_wconf 89' lang='lat' dir='ltr'>Herodiadis</span> <span class='ocrx_word' id='word_1_188' title='bbox 1076 1872 1455 1925; x_wconf 89' lang='lat' dir='ltr'>miserabiliter</span> <span class='ocrx_word' id='word_1_189' title='bbox 1484 1873 1662 1926; x_wconf 90' lang='lat' dir='ltr'>servili</span> <span class='ocrx_word' id='word_1_190' title='bbox 1699 1876 2094 1943; x_wconf 87' lang='lat' dir='ltr'>presumptione</span> 
     </span>
     <span class='ocr_line' id='line_1_27' title="bbox 224 1943 2092 2013; baseline 0.001 -15"><span class='ocrx_word' id='word_1_191' title='bbox 224 1947 439 1998; x_wconf 89' lang='lat' dir='ltr'>corruit.</span> <span class='ocrx_word' id='word_1_192' title='bbox 523 1945 629 1998; x_wconf 87' lang='lat' dir='ltr'>Sed</span> <span class='ocrx_word' id='word_1_193' title='bbox 665 1944 807 1997; x_wconf 90' lang='lat' dir='ltr'>unde</span> <span class='ocrx_word' id='word_1_194' title='bbox 852 1943 951 1995; x_wconf 93' lang='lat' dir='ltr'>hoc</span> <span class='ocrx_word' id='word_1_195' title='bbox 994 1944 1248 2008; x_wconf 77' lang='lat' dir='ltr'>evenerit,</span> <span class='ocrx_word' id='word_1_196' title='bbox 1297 1943 1510 2011; x_wconf 87' lang='lat' dir='ltr'>lugubri</span> <span class='ocrx_word' id='word_1_197' title='bbox 1555 1962 1794 1997; x_wconf 90' lang='lat' dir='ltr'>sermone</span> <span class='ocrx_word' id='word_1_198' title='bbox 1839 1947 2092 2013; x_wconf 86' lang='lat' dir='ltr'>aperiam.</span> 
     </span>
     <span class='ocr_line' id='line_1_28' title="bbox 222 2014 2093 2086; baseline 0.001 -18"><span class='ocrx_word' id='word_1_199' title='bbox 222 2016 368 2070; x_wconf 90' lang='lat' dir='ltr'>Inter</span> <span class='ocrx_word' id='word_1_200' title='bbox 403 2016 700 2086; x_wconf 90' lang='lat' dir='ltr'>predictum</span> <span class='ocrx_word' id='word_1_201' title='bbox 738 2021 793 2068; x_wconf 90' lang='lat' dir='ltr'>et</span> <span class='ocrx_word' id='word_1_202' title='bbox 828 2016 1074 2068; x_wconf 90' lang='lat' dir='ltr'>comitem</span> <span class='ocrx_word' id='word_1_203' title='bbox 1106 2014 1450 2068; x_wconf 86' lang='lat' dir='ltr'>Baldricum5</span> <span class='ocrx_word' id='word_1_204' title='bbox 1485 2015 1642 2084; x_wconf 89' lang='lat' dir='ltr'>longa</span> <span class='ocrx_word' id='word_1_205' title='bbox 1679 2015 1784 2068; x_wconf 89' lang='lat' dir='ltr'>fuit</span> <span class='ocrx_word' id='word_1_206' title='bbox 1811 2018 2093 2080; x_wconf 84' lang='lat' dir='ltr'>contenti0‚</span> 
     </span>
     <span class='ocr_line' id='line_1_29' title="bbox 223 2085 2093 2156; baseline 0 -15"><span class='ocrx_word' id='word_1_207' title='bbox 223 2105 359 2156; x_wconf 88' lang='lat' dir='ltr'>quae</span> <span class='ocrx_word' id='word_1_208' title='bbox 403 2088 707 2140; x_wconf 90' lang='lat' dir='ltr'>Baldricum</span> <span class='ocrx_word' id='word_1_209' title='bbox 754 2102 878 2156; x_wconf 87' lang='lat' dir='ltr'>sepe</span> <span class='ocrx_word' id='word_1_210' title='bbox 921 2087 978 2138; x_wconf 91' lang='lat' dir='ltr'>in</span> <span class='ocrx_word' id='word_1_211' title='bbox 1021 2087 1189 2154; x_wconf 92' lang='lat' dir='ltr'>prelio</span> <span class='ocrx_word' id='word_1_212' title='bbox 1236 2085 1501 2139; x_wconf 89' lang='lat' dir='ltr'>devictum</span> <span class='ocrx_word' id='word_1_213' title='bbox 1547 2092 1731 2139; x_wconf 89' lang='lat' dir='ltr'>mutuo</span> <span class='ocrx_word' id='word_1_214' title='bbox 1776 2088 1831 2139; x_wconf 93' lang='lat' dir='ltr'>in</span> <span class='ocrx_word' id='word_1_215' title='bbox 1882 2093 2093 2141; x_wconf 87' lang='lat' dir='ltr'>tantum</span> 
     </span>
     <span class='ocr_line' id='line_1_30' title="bbox 221 2158 2095 2226; baseline 0 -14"><span class='ocrx_word' id='word_1_216' title='bbox 221 2159 534 2225; x_wconf 87' lang='lat' dir='ltr'>humiliavit,</span> <span class='ocrx_word' id='word_1_217' title='bbox 575 2164 635 2211; x_wconf 94' lang='lat' dir='ltr'>ut</span> <span class='ocrx_word' id='word_1_218' title='bbox 670 2161 810 2210; x_wconf 89' lang='lat' dir='ltr'>inter</span> <span class='ocrx_word' id='word_1_219' title='bbox 847 2163 1083 2210; x_wconf 88' lang='lat' dir='ltr'>caeteros</span> <span class='ocrx_word' id='word_1_220' title='bbox 1119 2158 1375 2226; x_wconf 87' lang='lat' dir='ltr'>primates</span> <span class='ocrx_word' id='word_1_221' title='bbox 1412 2175 1533 2210; x_wconf 92' lang='lat' dir='ltr'>cum</span> <span class='ocrx_word' id='word_1_222' title='bbox 1571 2175 1762 2226; x_wconf 91' lang='lat' dir='ltr'>magno</span> <span class='ocrx_word' id='word_1_223' title='bbox 1793 2166 2095 2213; x_wconf 87' lang='lat' dir='ltr'>versaretur</span> 
     </span>
     <span class='ocr_line' id='line_1_31' title="bbox 222 2229 2091 2300; baseline 0.001 -17"><span class='ocrx_word' id='word_1_224' title='bbox 222 2230 493 2285; x_wconf 88' lang='lat' dir='ltr'>dedecore.</span> <span class='ocrx_word' id='word_1_225' title='bbox 579 2231 800 2282; x_wconf 90' lang='lat' dir='ltr'>Omnem</span> <span class='ocrx_word' id='word_1_226' title='bbox 851 2230 1044 2282; x_wconf 91' lang='lat' dir='ltr'>suimet</span> <span class='ocrx_word' id='word_1_227' title='bbox 1094 2229 1506 2297; x_wconf 87' lang='lat' dir='ltr'>prosperitatem</span> <span class='ocrx_word' id='word_1_228' title='bbox 1555 2229 1904 2298; x_wconf 87' lang='lat' dir='ltr'>Wigmannus</span> <span class='ocrx_word' id='word_1_229' title='bbox 1956 2247 2091 2300; x_wconf 92' lang='lat' dir='ltr'>equo</span> 
     </span>
     <span class='ocr_line' id='line_1_32' title="bbox 221 2300 2092 2370; baseline 0 -15"><span class='ocrx_word' id='word_1_230' title='bbox 221 2301 396 2355; x_wconf 88' lang='lat' dir='ltr'>ferens</span> <span class='ocrx_word' id='word_1_231' title='bbox 445 2302 622 2354; x_wconf 92' lang='lat' dir='ltr'>animo</span> <span class='ocrx_word' id='word_1_232' title='bbox 671 2306 724 2354; x_wconf 91' lang='lat' dir='ltr'>et</span> <span class='ocrx_word' id='word_1_233' title='bbox 770 2300 977 2353; x_wconf 85' lang='lat' dir='ltr'>divineh</span> <span class='ocrx_word' id='word_1_234' title='bbox 1037 2300 1336 2354; x_wconf 90' lang='lat' dir='ltr'>asscribens</span> <span class='ocrx_word' id='word_1_235' title='bbox 1389 2301 1665 2353; x_wconf 90' lang='lat' dir='ltr'>clementie</span> <span class='ocrx_word' id='word_1_236' title='bbox 1711 2302 1860 2370; x_wconf 88' lang='lat' dir='ltr'>pacis</span> <span class='ocrx_word' id='word_1_237' title='bbox 1911 2302 2092 2356; x_wconf 86' lang='lat' dir='ltr'>federe</span> 
     </span>
     <span class='ocr_line' id='line_1_33' title="bbox 224 2371 2248 2426; baseline 0.001 -2"><span class='ocrx_word' id='word_1_238' title='bbox 224 2372 545 2426; x_wconf 90' lang='lat' dir='ltr'>discordiam</span> <span class='ocrx_word' id='word_1_239' title='bbox 608 2371 698 2424; x_wconf 90' lang='lat' dir='ltr'>diu</span> <span class='ocrx_word' id='word_1_240' title='bbox 764 2373 1116 2425; x_wconf 90' lang='lat' dir='ltr'>insanientem</span> <span class='ocrx_word' id='word_1_241' title='bbox 1177 2372 1367 2424; x_wconf 89' lang='lat' dir='ltr'>sedare</span> <span class='ocrx_word' id='word_1_242' title='bbox 1426 2372 1715 2425; x_wconf 87' lang='lat' dir='ltr'>meditatur</span> <span class='ocrx_word' id='word_1_243' title='bbox 1780 2378 1831 2426; x_wconf 90' lang='lat' dir='ltr'>et</span> <span class='ocrx_word' id='word_1_244' title='bbox 1888 2373 2092 2426; x_wconf 83' lang='lat' dir='ltr'>hostem</span> <span class='ocrx_word' id='word_1_245' title='bbox 2124 2381 2248 2426; x_wconf 87' lang='lat'>1016.</span> 
     </span>
     <span class='ocr_line' id='line_1_34' title="bbox 222 2442 2092 2512; baseline 0.001 -16"><span class='ocrx_word' id='word_1_246' title='bbox 222 2443 491 2497; x_wconf 89' lang='lat' dir='ltr'>amicabili</span> <span class='ocrx_word' id='word_1_247' title='bbox 547 2443 809 2512; x_wconf 91' lang='lat' dir='ltr'>peticione</span> <span class='ocrx_word' id='word_1_248' title='bbox 878 2442 948 2496; x_wconf 90' lang='lat' dir='ltr'>ad</span> <span class='ocrx_word' id='word_1_249' title='bbox 1007 2443 1223 2495; x_wconf 90' lang='lat' dir='ltr'>domum</span> <span class='ocrx_word' id='word_1_250' title='bbox 1290 2459 1440 2496; x_wconf 88' lang='lat' dir='ltr'>suam</span> <span class='ocrx_word' id='word_1_251' title='bbox 1491 2461 1686 2496; x_wconf 90' lang='lat' dir='ltr'>vocans</span> <span class='ocrx_word' id='word_1_252' title='bbox 1752 2445 1988 2498; x_wconf 92' lang='lat' dir='ltr'>convivio</span> <span class='ocrx_word' id='word_1_253' title='bbox 2040 2451 2092 2498; x_wconf 91' lang='lat' dir='ltr'>et</span> 
     </span>
     <span class='ocr_line' id='line_1_35' title="bbox 220 2514 2090 2584; baseline 0.001 -16"><span class='ocrx_word' id='word_1_254' title='bbox 220 2533 439 2568; x_wconf 91' lang='lat' dir='ltr'>munere</span> <span class='ocrx_word' id='word_1_255' title='bbox 479 2522 698 2584; x_wconf 89' lang='lat' dir='ltr'>accepto</span> <span class='ocrx_word' id='word_1_256' title='bbox 737 2515 934 2583; x_wconf 88' lang='lat' dir='ltr'>placat.</span> <span class='ocrx_word' id='word_1_257' title='bbox 1014 2515 1084 2567; x_wconf 90' lang='lat' dir='ltr'>Et</span> <span class='ocrx_word' id='word_1_258' title='bbox 1120 2514 1188 2567; x_wconf 89' lang='lat' dir='ltr'>ab</span> <span class='ocrx_word' id='word_1_259' title='bbox 1226 2514 1414 2567; x_wconf 91' lang='lat' dir='ltr'>eodem</span> <span class='ocrx_word' id='word_1_260' title='bbox 1452 2515 1521 2567; x_wconf 89' lang='lat' dir='ltr'>ad</span> <span class='ocrx_word' id='word_1_261' title='bbox 1559 2514 1974 2568; x_wconf 88' lang='lat' dir='ltr'>confirmandum</span> <span class='ocrx_word' id='word_1_262' title='bbox 2011 2518 2090 2569; x_wconf 90' lang='lat' dir='ltr'>in-</span> 
     </span>
     <span class='ocr_line' id='line_1_36' title="bbox 221 2585 2090 2656; baseline 0.001 -17"><span class='ocrx_word' id='word_1_263' title='bbox 221 2591 405 2654; x_wconf 90' lang='lat' dir='ltr'>ceptae</span> <span class='ocrx_word' id='word_1_264' title='bbox 465 2585 763 2639; x_wconf 88' lang='lat' dir='ltr'>dilectionis</span> <span class='ocrx_word' id='word_1_265' title='bbox 813 2585 1079 2638; x_wconf 90' lang='lat' dir='ltr'>vinculum</span> <span class='ocrx_word' id='word_1_266' title='bbox 1138 2586 1416 2650; x_wconf 86' lang='lat' dir='ltr'>invitatur⁷</span> <span class='ocrx_word' id='word_1_267' title='bbox 1474 2585 1782 2639; x_wconf 88' lang='lat' dir='ltr'>insibilante</span> <span class='ocrx_word' id='word_1_268' title='bbox 1839 2587 1938 2640; x_wconf 93' lang='lat' dir='ltr'>hoc</span> <span class='ocrx_word' id='word_1_269' title='bbox 1994 2605 2090 2656; x_wconf 88' lang='lat' dir='ltr'>per</span> 
     </span>
     <span class='ocr_line' id='line_1_37' title="bbox 220 2657 2232 2728; baseline 0 -18"><span class='ocrx_word' id='word_1_270' title='bbox 220 2675 439 2711; x_wconf 89' lang='lat' dir='ltr'>uxorem</span> <span class='ocrx_word' id='word_1_271' title='bbox 477 2657 665 2710; x_wconf 71' lang='lat' dir='ltr'>suam(⁵</span> <span class='ocrx_word' id='word_1_272' title='bbox 702 2658 924 2725; x_wconf 90' lang='lat' dir='ltr'>antiquo</span> <span class='ocrx_word' id='word_1_273' title='bbox 962 2663 1229 2726; x_wconf 87' lang='lat' dir='ltr'>serpente,</span> <span class='ocrx_word' id='word_1_274' title='bbox 1275 2663 1351 2723; x_wconf 80' lang='lat' dir='ltr'>ut,</span> <span class='ocrx_word' id='word_1_275' title='bbox 1394 2657 1486 2725; x_wconf 90' lang='lat' dir='ltr'>qui</span> <span class='ocrx_word' id='word_1_276' title='bbox 1522 2675 1618 2726; x_wconf 91' lang='lat' dir='ltr'>per</span> <span class='ocrx_word' id='word_1_277' title='bbox 1653 2658 1755 2710; x_wconf 91' lang='lat' dir='ltr'>vim</span> <span class='ocrx_word' id='word_1_278' title='bbox 1802 2676 2092 2726; x_wconf 89' lang='lat' dir='ltr'>numquam</span> <span class='ocrx_word' id='word_1_279' title='bbox 2139 2661 2232 2728; x_wconf 63' lang='lat'>12⁰9</span> 
     </span>
     <span class='ocr_line' id='line_1_38' title="bbox 222 2719 2189 2798; baseline 0 -16"><span class='ocrx_word' id='word_1_280' title='bbox 222 2729 370 2797; x_wconf 89' lang='lat' dir='ltr'>*capi</span> <span class='ocrx_word' id='word_1_281' title='bbox 406 2729 597 2798; x_wconf 76' lang='lat' dir='ltr'>potuit,</span> <span class='ocrx_word' id='word_1_282' title='bbox 644 2728 815 2782; x_wconf 90' lang='lat' dir='ltr'>dolosi</span> <span class='ocrx_word' id='word_1_283' title='bbox 852 2728 1031 2781; x_wconf 87' lang='lat' dir='ltr'>saltim</span> <span class='ocrx_word' id='word_1_284' title='bbox 1070 2727 1273 2781; x_wconf 89' lang='lat' dir='ltr'>retibus</span> <span class='ocrx_word' id='word_1_285' title='bbox 1312 2729 1512 2798; x_wconf 89' lang='lat' dir='ltr'>ingenii</span> <span class='ocrx_word' id='word_1_286' title='bbox 1549 2729 1862 2783; x_wconf 87' lang='lat' dir='ltr'>vinceretur.</span> <span class='ocrx_word' id='word_1_287' title='bbox 1945 2730 2090 2782; x_wconf 89' lang='lat' dir='ltr'>Tunc</span> <span class='ocrx_word' id='word_1_288' title='bbox 2180 2719 2189 2736; x_wconf 89' lang='lat'>&#39;</span> 
     </span>
     <span class='ocr_line' id='line_1_39' title="bbox 221 2799 2090 2869; baseline 0 -15"><span class='ocrx_word' id='word_1_289' title='bbox 221 2800 499 2854; x_wconf 90' lang='lat' dir='ltr'>conivebat</span> <span class='ocrx_word' id='word_1_290' title='bbox 525 2799 797 2853; x_wconf 87' lang='lat' dir='ltr'>laudanda</span> <span class='ocrx_word' id='word_1_291' title='bbox 826 2800 1141 2869; x_wconf 90' lang='lat' dir='ltr'>simplicitas</span> <span class='ocrx_word' id='word_1_292' title='bbox 1170 2799 1355 2853; x_wconf 91' lang='lat' dir='ltr'>herilis</span> <span class='ocrx_word' id='word_1_293' title='bbox 1387 2801 1565 2864; x_wconf 77' lang='lat' dir='ltr'>animi,</span> <span class='ocrx_word' id='word_1_294' title='bbox 1606 2799 1747 2868; x_wconf 91' lang='lat' dir='ltr'>quod</span> <span class='ocrx_word' id='word_1_295' title='bbox 1779 2807 2090 2869; x_wconf 87' lang='lat' dir='ltr'>poposcerat</span> 
     </span>
    </p>
   </div>
   <div class='ocr_carea' id='block_1_6' title="bbox 219 2934 2085 3021">
    <p class='ocr_par' dir='ltr' id='par_1_11' title="bbox 219 2934 2085 3021">
     <span class='ocr_line' id='line_1_40' title="bbox 219 2934 2085 2980; baseline 0.001 -14"><span class='ocrx_word' id='word_1_296' title='bbox 219 2934 255 2977; x_wconf 84' lang='lat' dir='ltr'>a)</span> <span class='ocrx_word' id='word_1_297' title='bbox 290 2937 434 2968; x_wconf 78' lang='lat' dir='ltr'>alterum</span> <span class='ocrx_word' id='word_1_298' title='bbox 457 2937 468 2966; x_wconf 89' lang='lat' dir='ltr'>i</span> <span class='ocrx_word' id='word_1_299' title='bbox 491 2935 577 2968; x_wconf 81' lang='lat' dir='ltr'>add.</span> <span class='ocrx_word' id='word_1_300' title='bbox 596 2937 636 2967; x_wconf 84' lang='lat' dir='ltr'>T.</span> <span class='ocrx_word' id='word_1_301' title='bbox 745 2935 782 2975; x_wconf 90' lang='lat' dir='ltr'>b)</span> <span class='ocrx_word' id='word_1_302' title='bbox 818 2935 929 2968; x_wconf 81' lang='lat' dir='ltr'>frater</span> <span class='ocrx_word' id='word_1_303' title='bbox 951 2937 996 2967; x_wconf 89' lang='lat' dir='ltr'>B.</span> <span class='ocrx_word' id='word_1_304' title='bbox 1103 2935 1138 2975; x_wconf 84' lang='lat' dir='ltr'>c)</span> <span class='ocrx_word' id='word_1_305' title='bbox 1176 2938 1258 2968; x_wconf 81' lang='lat' dir='ltr'>utra</span> <span class='ocrx_word' id='word_1_306' title='bbox 1280 2937 1311 2967; x_wconf 88' lang='lat'>1.</span> <span class='ocrx_word' id='word_1_307' title='bbox 1431 2935 1467 2974; x_wconf 84' lang='lat' dir='ltr'>d)</span> <span class='ocrx_word' id='word_1_308' title='bbox 1504 2938 1626 2980; x_wconf 61' lang='lat' dir='ltr'>stragg</span> <span class='ocrx_word' id='word_1_309' title='bbox 1649 2937 1680 2968; x_wconf 89' lang='lat'>1.</span> <span class='ocrx_word' id='word_1_310' title='bbox 1790 2937 1823 2971; x_wconf 64' lang='lat' dir='ltr'>e)</span> <span class='ocrx_word' id='word_1_311' title='bbox 1860 2939 1874 2967; x_wconf 85' lang='lat' dir='ltr'>t</span> <span class='ocrx_word' id='word_1_312' title='bbox 1896 2945 2031 2968; x_wconf 76' lang='lat' dir='ltr'>erasum</span> <span class='ocrx_word' id='word_1_313' title='bbox 2053 2938 2085 2968; x_wconf 87' lang='lat'>1.</span> 
     </span>
     <span class='ocr_line' id='line_1_41' title="bbox 219 2978 1480 3021; baseline 0 -11"><span class='ocrx_word' id='word_1_314' title='bbox 219 2979 250 3021; x_wconf 88' lang='lat' dir='ltr'>f)</span> <span class='ocrx_word' id='word_1_315' title='bbox 272 2979 506 3019; x_wconf 75' lang='lat' dir='ltr'>inexuperale</span> <span class='ocrx_word' id='word_1_316' title='bbox 530 2983 562 3012; x_wconf 87' lang='lat'>1.</span> <span class='ocrx_word' id='word_1_317' title='bbox 645 2979 682 3020; x_wconf 87' lang='lat' dir='ltr'>g)</span> <span class='ocrx_word' id='word_1_318' title='bbox 704 2979 800 3010; x_wconf 77' lang='lat' dir='ltr'>bona</span> <span class='ocrx_word' id='word_1_319' title='bbox 822 2981 865 3010; x_wconf 78' lang='lat' dir='ltr'>B.</span> <span class='ocrx_word' id='word_1_320' title='bbox 953 2978 993 3018; x_wconf 85' lang='lat' dir='ltr'>h)</span> <span class='ocrx_word' id='word_1_321' title='bbox 1015 2978 1140 3010; x_wconf 83' lang='lat' dir='ltr'>diuina</span> <span class='ocrx_word' id='word_1_322' title='bbox 1162 2987 1194 3011; x_wconf 86' lang='lat' dir='ltr'>a.</span> <span class='ocrx_word' id='word_1_323' title='bbox 1221 2979 1414 3010; x_wconf 81' lang='lat' dir='ltr'>clementia</span> <span class='ocrx_word' id='word_1_324' title='bbox 1435 2979 1480 3010; x_wconf 90' lang='lat' dir='ltr'>B.</span> 
     </span>
    </p>
   </div>
   <div class='ocr_carea' id='block_1_7' title="bbox 220 3084 2091 3654">
    <p class='ocr_par' dir='ltr' id='par_1_12' title="bbox 220 3084 2091 3654">
     <span class='ocr_line' id='line_1_42' title="bbox 221 3084 2090 3140; baseline 0 -10"><span class='ocrx_word' id='word_1_325' title='bbox 221 3085 263 3139; x_wconf 91' lang='lat'>1)</span> <span class='ocrx_word' id='word_1_326' title='bbox 306 3085 639 3140; x_wconf 76' lang='lat' dir='ltr'>Reyinharium</span> <span class='ocrx_word' id='word_1_327' title='bbox 668 3087 738 3129; x_wconf 91' lang='lat' dir='ltr'>II.</span> <span class='ocrx_word' id='word_1_328' title='bbox 783 3084 884 3130; x_wconf 79' lang='lat' dir='ltr'>Otto</span> <span class='ocrx_word' id='word_1_329' title='bbox 914 3087 954 3128; x_wconf 91' lang='lat' dir='ltr'>I.</span> <span class='ocrx_word' id='word_1_330' title='bbox 996 3098 1078 3129; x_wconf 76' lang='lat' dir='ltr'>rex</span> <span class='ocrx_word' id='word_1_331' title='bbox 1120 3100 1162 3129; x_wconf 90' lang='grc' dir='ltr'>α.</span> <span class='ocrx_word' id='word_1_332' title='bbox 1193 3086 1278 3130; x_wconf 86' lang='grc'>958</span> <span class='ocrx_word' id='word_1_333' title='bbox 1316 3085 1443 3129; x_wconf 76' lang='lat' dir='ltr'>emilii</span> <span class='ocrx_word' id='word_1_334' title='bbox 1478 3085 1711 3129; x_wconf 77' lang='lat' dir='ltr'>damnavit</span> <span class='ocrx_word' id='word_1_335' title='bbox 1751 3091 1796 3130; x_wconf 78' lang='lat' dir='ltr'>et</span> <span class='ocrx_word' id='word_1_336' title='bbox 1833 3087 1951 3130; x_wconf 80' lang='lat' dir='ltr'>bona</span> <span class='ocrx_word' id='word_1_337' title='bbox 1991 3087 2090 3131; x_wconf 79' lang='lat' dir='ltr'>eius</span> 
     </span>
     <span class='ocr_line' id='line_1_43' title="bbox 234 3141 2088 3197; baseline 0.001 -11"><span class='ocrx_word' id='word_1_338' title='bbox 234 3142 505 3186; x_wconf 72' lang='lat' dir='ltr'>Wirinham&#39;o</span> <span class='ocrx_word' id='word_1_339' title='bbox 535 3148 579 3187; x_wconf 78' lang='lat' dir='ltr'>et</span> <span class='ocrx_word' id='word_1_340' title='bbox 599 3142 847 3197; x_wconf 74' lang='lat' dir='ltr'>Reyinoldo</span> <span class='ocrx_word' id='word_1_341' title='bbox 874 3141 1099 3196; x_wconf 74' lang='lat' dir='ltr'>fratribus</span> <span class='ocrx_word' id='word_1_342' title='bbox 1128 3142 1332 3187; x_wconf 75' lang='lat' dir='ltr'>tradidit.</span> <span class='ocrx_word' id='word_1_343' title='bbox 1393 3142 1566 3193; x_wconf 79' lang='lat' dir='ltr'>Quibus</span> <span class='ocrx_word' id='word_1_344' title='bbox 1596 3156 1638 3185; x_wconf 82' lang='lat' dir='ltr'>a.</span> <span class='ocrx_word' id='word_1_345' title='bbox 1662 3143 1747 3187; x_wconf 87' lang='grc'>974</span> <span class='ocrx_word' id='word_1_346' title='bbox 1768 3144 1925 3187; x_wconf 80' lang='lat' dir='ltr'>occisis</span> <span class='ocrx_word' id='word_1_347' title='bbox 1946 3144 2088 3188; x_wconf 76' lang='lat' dir='ltr'>Lant-</span> 
     </span>
     <span class='ocr_line' id='line_1_44' title="bbox 220 3199 2085 3256; baseline 0 -13"><span class='ocrx_word' id='word_1_348' title='bbox 220 3202 370 3244; x_wconf 75' lang='lat' dir='ltr'>bertus</span> <span class='ocrx_word' id='word_1_349' title='bbox 390 3200 618 3256; x_wconf 77' lang='lat' dir='ltr'>fraterque</span> <span class='ocrx_word' id='word_1_350' title='bbox 640 3201 736 3244; x_wconf 81' lang='lat' dir='ltr'>eius</span> <span class='ocrx_word' id='word_1_351' title='bbox 752 3199 1060 3254; x_wconf 73' lang='lat' dir='ltr'>Reyinharius</span> <span class='ocrx_word' id='word_1_352' title='bbox 1076 3201 1176 3243; x_wconf 90' lang='lat' dir='ltr'>III.</span> <span class='ocrx_word' id='word_1_353' title='bbox 1199 3199 1485 3243; x_wconf 75' lang='lat' dir='ltr'>hereditatem</span> <span class='ocrx_word' id='word_1_354' title='bbox 1495 3204 1733 3254; x_wconf 78' lang='lat' dir='ltr'>paternam</span> <span class='ocrx_word' id='word_1_355' title='bbox 1749 3214 1792 3242; x_wconf 84' lang='lat' dir='ltr'>a.</span> <span class='ocrx_word' id='word_1_356' title='bbox 1809 3201 1892 3244; x_wconf 86' lang='lat'>977</span> <span class='ocrx_word' id='word_1_357' title='bbox 1907 3200 2085 3245; x_wconf 77' lang='lat' dir='ltr'>tandem</span> 
     </span>
     <span class='ocr_line' id='line_1_45' title="bbox 220 3255 2087 3310; baseline 0.001 -11"><span class='ocrx_word' id='word_1_358' title='bbox 220 3262 609 3310; x_wconf 75' lang='lat' dir='ltr'>recuperaverunt.</span> <span class='ocrx_word' id='word_1_359' title='bbox 684 3255 814 3310; x_wconf 74' lang='lat' dir='ltr'>Conf.</span> <span class='ocrx_word' id='word_1_360' title='bbox 843 3257 1092 3310; x_wconf 68' lang='lat' dir='ltr'>Dilmmler,</span> <span class='ocrx_word' id='word_1_361' title='bbox 1124 3255 1240 3301; x_wconf 81' lang='lat' dir='ltr'>‘Otto</span> <span class='ocrx_word' id='word_1_362' title='bbox 1265 3256 1307 3299; x_wconf 88' lang='lat' dir='ltr'>d.</span> <span class='ocrx_word' id='word_1_363' title='bbox 1331 3256 1429 3300; x_wconf 65' lang='lat' dir='ltr'>Gr)</span> <span class='ocrx_word' id='word_1_364' title='bbox 1460 3257 1720 3305; x_wconf 78' lang='lat'><strong>293—297;</strong></span> <span class='ocrx_word' id='word_1_365' title='bbox 1770 3256 1841 3300; x_wconf 90' lang='lat' dir='ltr'>W.</span> <span class='ocrx_word' id='word_1_366' title='bbox 1872 3270 1910 3301; x_wconf 86' lang='lat' dir='ltr'>v.</span> <span class='ocrx_word' id='word_1_367' title='bbox 1935 3257 2087 3301; x_wconf 76' lang='lat' dir='ltr'>Giese-</span> 
     </span>
     <span class='ocr_line' id='line_1_46' title="bbox 223 3312 2088 3369; baseline 0.001 -13"><span class='ocrx_word' id='word_1_368' title='bbox 223 3313 384 3367; x_wconf 74' lang='lat' dir='ltr'>brechi,</span> <span class='ocrx_word' id='word_1_369' title='bbox 409 3312 758 3369; x_wconf 71' lang='lat' dir='ltr'>‘Kaiserqeseh.&#39;</span> <span class='ocrx_word' id='word_1_370' title='bbox 790 3314 833 3367; x_wconf 90' lang='lat' dir='ltr'>I,</span> <span class='ocrx_word' id='word_1_371' title='bbox 857 3313 955 3363; x_wconf 82' lang='lat'>432,</span> <span class='ocrx_word' id='word_1_372' title='bbox 977 3314 1075 3364; x_wconf 81' lang='lat'>475,</span> <span class='ocrx_word' id='word_1_373' title='bbox 1099 3313 1204 3367; x_wconf 81' lang='lat'>5783</span> <span class='ocrx_word' id='word_1_374' title='bbox 1234 3325 1378 3368; x_wconf 77' lang='lat' dir='ltr'>supra</span> <span class='ocrx_word' id='word_1_375' title='bbox 1400 3314 1503 3366; x_wconf 89' lang='lat' dir='ltr'><em>III,</em></span> <span class='ocrx_word' id='word_1_376' title='bbox 1526 3315 1566 3356; x_wconf 85' lang='grc'>6.</span> <span class='ocrx_word' id='word_1_377' title='bbox 1626 3312 1669 3366; x_wconf 80' lang='lat'>2)</span> <span class='ocrx_word' id='word_1_378' title='bbox 1702 3314 1889 3357; x_wconf 82' lang='lat' dir='ltr'>Roberti</span> <span class='ocrx_word' id='word_1_379' title='bbox 1908 3315 1948 3358; x_wconf 95' lang='lat' dir='ltr'>I.</span> <span class='ocrx_word' id='word_1_380' title='bbox 1970 3315 2088 3369; x_wconf 77' lang='lat' dir='ltr'>reyz&#39;s</span> 
     </span>
     <span class='ocr_line' id='line_1_47' title="bbox 220 3369 2088 3422; baseline 0 -8"><span class='ocrx_word' id='word_1_381' title='bbox 220 3371 453 3414; x_wconf 78' lang='lat' dir='ltr'>Franciae</span> <span class='ocrx_word' id='word_1_382' title='bbox 493 3370 783 3414; x_wconf 83' lang='lat'>996—1031.</span> <span class='ocrx_word' id='word_1_383' title='bbox 920 3369 964 3422; x_wconf 90' lang='lat'>3)</span> <span class='ocrx_word' id='word_1_384' title='bbox 1009 3371 1187 3414; x_wconf 76' lang='lat' dir='ltr'>Necrol.</span> <span class='ocrx_word' id='word_1_385' title='bbox 1224 3370 1417 3413; x_wconf 69' lang='lat' dir='ltr'>Mer-seb.</span> <span class='ocrx_word' id='word_1_386' title='bbox 1457 3369 1550 3414; x_wconf 82' lang='lat' dir='ltr'>Oct.</span> <span class='ocrx_word' id='word_1_387' title='bbox 1582 3371 1625 3413; x_wconf 87' lang='lat'>1:</span> <span class='ocrx_word' id='word_1_388' title='bbox 1672 3370 1904 3414; x_wconf 85' lang='lat' dir='ltr'>Heinricus</span> <span class='ocrx_word' id='word_1_389' title='bbox 1946 3384 2088 3414; x_wconf 89' lang='lat' dir='ltr'>comes</span> 
     </span>
     <span class='ocr_line' id='line_1_48' title="bbox 222 3425 2088 3482; baseline 0.001 -12"><span class='ocrx_word' id='word_1_390' title='bbox 222 3439 370 3470; x_wconf 86' lang='lat' dir='ltr'>servus</span> <span class='ocrx_word' id='word_1_391' title='bbox 399 3425 566 3471; x_wconf 86' lang='lat' dir='ltr'>Christi</span> <span class='ocrx_word' id='word_1_392' title='bbox 596 3426 722 3471; x_wconf 86' lang='lat' dir='ltr'>obiit.</span> <span class='ocrx_word' id='word_1_393' title='bbox 837 3426 881 3479; x_wconf 88' lang='lat'>4)</span> <span class='ocrx_word' id='word_1_394' title='bbox 924 3427 1224 3481; x_wconf 74' lang='lat' dir='ltr'>Wiymannus</span> <span class='ocrx_word' id='word_1_395' title='bbox 1246 3427 1345 3469; x_wconf 92' lang='grc' dir='ltr'><em>ΙΙΙ.</em></span> <span class='ocrx_word' id='word_1_396' title='bbox 1372 3439 1513 3470; x_wconf 79' lang='lat' dir='ltr'>comes</span> <span class='ocrx_word' id='word_1_397' title='bbox 1535 3426 1767 3471; x_wconf 75' lang='lat' dir='ltr'>Saxoniae</span> <span class='ocrx_word' id='word_1_398' title='bbox 1788 3429 2088 3482; x_wconf 79' lang='lat' dir='ltr'>occidentalis,</span> 
     </span>
     <span class='ocr_line' id='line_1_49' title="bbox 223 3482 2086 3539; baseline 0.001 -12"><span class='ocrx_word' id='word_1_399' title='bbox 223 3483 345 3538; x_wconf 78' lang='lat' dir='ltr'>filius</span> <span class='ocrx_word' id='word_1_400' title='bbox 373 3485 561 3529; x_wconf 76' lang='lat' dir='ltr'>Ecberti</span> <span class='ocrx_word' id='word_1_401' title='bbox 587 3483 812 3537; x_wconf 78' lang='lat' dir='ltr'>unioculi;</span> <span class='ocrx_word' id='word_1_402' title='bbox 853 3497 892 3527; x_wconf 84' lang='lat' dir='ltr'>v.</span> <span class='ocrx_word' id='word_1_403' title='bbox 915 3482 1096 3527; x_wconf 76' lang='lat' dir='ltr'>‘Jahrb.</span> <span class='ocrx_word' id='word_1_404' title='bbox 1119 3484 1189 3534; x_wconf 91' lang='lat' dir='ltr'>II,</span> <span class='ocrx_word' id='word_1_405' title='bbox 1221 3484 1459 3534; x_wconf 81' lang='lat'>345—354‚</span> <span class='ocrx_word' id='word_1_406' title='bbox 1501 3485 1602 3537; x_wconf 88' lang='grc' dir='ltr'><em>ΙΙΙ,</em></span> <span class='ocrx_word' id='word_1_407' title='bbox 1633 3484 1816 3529; x_wconf 82' lang='grc'>40-45,</span> <span class='ocrx_word' id='word_1_408' title='bbox 1931 3485 1975 3539; x_wconf 82' lang='grc'>5)</span> <span class='ocrx_word' id='word_1_409' title='bbox 2008 3485 2086 3529; x_wconf 89' lang='lat' dir='ltr'>Co·</span> 
     </span>
     <span class='ocr_line' id='line_1_50' title="bbox 222 3540 2091 3598; baseline 0.002 -16"><span class='ocrx_word' id='word_1_410' title='bbox 222 3541 370 3585; x_wconf 83' lang='lat' dir='ltr'>mitem</span> <span class='ocrx_word' id='word_1_411' title='bbox 396 3541 514 3596; x_wconf 73' lang='lat' dir='ltr'>payi</span> <span class='ocrx_word' id='word_1_412' title='bbox 540 3542 846 3595; x_wconf 75' lang='lat' dir='ltr'>Drentheyau.</span> <span class='ocrx_word' id='word_1_413' title='bbox 984 3541 1027 3591; x_wconf 89' lang='lat'>6)</span> <span class='ocrx_word' id='word_1_414' title='bbox 1075 3540 1264 3583; x_wconf 79' lang='lat' dir='ltr'>Adelam</span> <span class='ocrx_word' id='word_1_415' title='bbox 1294 3540 1435 3594; x_wconf 80' lang='lat' dir='ltr'>filiam</span> <span class='ocrx_word' id='word_1_416' title='bbox 1474 3540 1737 3596; x_wconf 72' lang='lat' dir='ltr'>Wiymanni</span> <span class='ocrx_word' id='word_1_417' title='bbox 1771 3542 1944 3586; x_wconf 79' lang='lat' dir='ltr'>comitis</span> <span class='ocrx_word' id='word_1_418' title='bbox 1975 3543 2091 3598; x_wconf 78' lang='lat' dir='ltr'>payi</span> 
     </span>
     <span class='ocr_line' id='line_1_51' title="bbox 226 3596 1519 3654; baseline 0.001 -14"><span class='ocrx_word' id='word_1_419' title='bbox 226 3598 511 3651; x_wconf 78' lang='lat' dir='ltr'>Hamaland,</span> <span class='ocrx_word' id='word_1_420' title='bbox 542 3598 596 3641; x_wconf 85' lang='lat' dir='ltr'>de</span> <span class='ocrx_word' id='word_1_421' title='bbox 625 3610 710 3654; x_wconf 80' lang='lat' dir='ltr'>quo</span> <span class='ocrx_word' id='word_1_422' title='bbox 742 3596 799 3651; x_wconf 86' lang='lat' dir='ltr'>cf.</span> <span class='ocrx_word' id='word_1_423' title='bbox 832 3597 1070 3640; x_wconf 71' lang='lat' dir='ltr'>Dilmmler</span> <span class='ocrx_word' id='word_1_424' title='bbox 1099 3597 1125 3640; x_wconf 85' lang='lat' dir='ltr'>l.</span> <span class='ocrx_word' id='word_1_425' title='bbox 1157 3597 1183 3640; x_wconf 84' lang='lat' dir='ltr'>l.</span> <span class='ocrx_word' id='word_1_426' title='bbox 1215 3597 1398 3641; x_wconf 77' lang='lat' dir='ltr'>Eoecurs</span> <span class='ocrx_word' id='word_1_427' title='bbox 1419 3598 1519 3641; x_wconf 91' lang='grc' dir='ltr'><em>ΙΙΙ.</em></span> 
     </span>
    </p>
   </div>
  </div>
 </body>
</html>
