2456 4036
207 384 332 429 1002.

187 744 260 777 Iul.
280 746 333 777 24.

101 1172 208 1212 Verg.
239 1172 331 1204 Aen.

149 1216 179 1256 1,
202 1217 278 1248 600.

365 250 448 294 116
889 247 1226 292 THIETMARI
1257 245 1474 291 CHRON.
1534 246 1649 291 LIB.
1679 246 1733 291 V.

365 376 636 439 Misnensi,
655 375 976 428 Bernharioa
992 372 1261 437 Ferdensi,
1281 372 1504 441 Hugone
1522 372 1791 437 Citicensi,
1819 371 2044 426 ducibus
2063 379 2242 428 autem

362 447 708 500 Bernhardob
726 463 789 498 ac
809 445 1077 496 Bolizlavo
1105 461 1227 495 cum
1245 443 1644 496 marchionibus
1658 443 1939 496 Liuthario
1965 449 2019 496 et
2037 444 2243 498 Gerone

362 536 423 571 ac
462 518 702 584 palatino
738 516 929 568 comite
964 515 1005 566 F
1009 513 1295 566 rithericol
1339 514 1624 583 *aliisquec
1658 532 1818 582 quam
1852 513 2095 583 pluribus
2132 520 2244 569 tam
2267 510 2285 529 *
2362 535 2386 587 ο·

362 589 624 656 episcopis
651 604 810 655 quam
836 585 1146 649 comitibus,
1165 602 1391 653 quorum
1415 587 1635 638 nomina
1655 586 1868 654 longum
1894 591 1974 639 est
1993 603 2243 640 enarrare

361 678 456 729 per
495 659 718 726 singula.
794 657 885 708 Hii
926 673 1108 709 omnes
1139 674 1314 724 regem
1354 657 1583 726 supplici
1615 657 1899 710 devocione
1931 658 2245 726 suscipiunt.

506 733 586 783 16.
649 729 898 781 Crastina
928 728 1109 796 itaque
1139 727 1240 792 die,
1272 728 1328 780 id
1360 734 1441 781 est
1470 735 1659 781 octavo
1693 727 1963 781 Kalendas
1998 730 2244 797 Augusti,

358 799 704 854 Bernhardus
741 798 886 852 dux2
924 817 1043 852 cum
1083 815 1347 856 consensu
1383 801 1619 853 omnium
1657 804 1868 853 astante
1906 816 2085 852 coram
2121 817 2244 869 rege

358 873 683 924 voluntatem
732 871 905 939 plebis
950 871 1308 924 convenientis
1345 872 1590 939 aperiens
1635 871 1976 939 omniumque
2015 872 2245 928 necessi-

358 949 525 996 tatem
564 960 627 995 ac
664 943 834 1010 legem
874 942 1180 1011 specialiter
1218 959 1508 1011 exponenS‚
1555 942 1684 1011 quid
1723 943 1800 995 eis
1844 942 2244 996 misericordiae

357 1014 514 1068 dictis
537 1015 852 1083 promittere
878 1032 971 1066 seu
994 1013 1154 1067 factis
1171 1014 1329 1066 vellet
1351 1015 1675 1082 impendere,
1699 1013 1982 1082 diligenter
2004 1014 2244 1083 inquirit.

499 1086 651 1138 Talia
688 1085 984 1154 quaerebat
1020 1103 1085 1138 ac
1122 1091 1308 1138 contra
1349 1103 1446 1138 rex
1480 1084 1770 1139 referebat:

503 1158 634 1210 ‘Deo
673 1158 907 1225 primum
945 1157 1242 1225 deindeque
1283 1157 1431 1210 vobis
1468 1157 1711 1211 omnibus
1744 1156 2034 1225 condignas
2065 1161 2243 1225 grates

357 1229 659 1297 persolvere
698 1246 1036 1298 nequaquam
1077 1227 1300 1282 sufficio,
1376 1228 1530 1282 Unde
1560 1229 1848 1282 voluntatis
1887 1246 2036 1281 meae
2075 1245 2244 1282 secre-

356 1309 471 1354 tum
509 1301 658 1353 vobis
697 1301 904 1368 aperio,
957 1300 1103 1369 quod
1141 1318 1204 1352 ex
1243 1301 1513 1355 adiutorio
1553 1299 1843 1354 efficaciter
1880 1299 2030 1352 vobis
2075 1300 2244 1352 omni-

356 1373 456 1426 bus
509 1372 814 1442 impendere
875 1372 1138 1426 desidero,
1236 1372 1433 1425 Notum
1486 1372 1684 1425 etenim
1736 1371 1866 1424 mihi
1918 1376 2020 1434 est,
2082 1389 2244 1439 quam

355 1443 586 1498 fideliter
616 1444 807 1497 vestris
846 1443 1061 1512 regibus
1100 1461 1309 1511 semper
1347 1443 1545 1512 ubique
1582 1442 1983 1496 obaudientiam
2022 1449 2076 1495 et
2106 1443 2244 1496 sola·

354 1517 490 1569 tium
534 1516 808 1585 prestared
846 1515 1174 1569 studueritis,
1264 1516 1335 1568 Et
1379 1515 1500 1568 ideo
1545 1533 1633 1568 vos
1679 1515 1845 1582 magis
1889 1515 1945 1566 in
1997 1513 2243 1568 omnibus

355 1589 552 1656 optime
590 1587 871 1653 honorare,
909 1587 1129 1656 diligere
1169 1595 1222 1639 et
1260 1587 1328 1640 ad
1366 1588 1516 1656 regni
1553 1592 1862 1654 provectum
1897 1590 2244 1654 nostramque

356 1659 581 1713 salutem
623 1659 751 1712 libet
789 1676 1117 1712 conservare.
1194 1659 1267 1710 Et
1305 1664 1364 1712 ut
1402 1659 1534 1712 certi
1569 1658 1634 1711 de
1663 1657 1770 1711 hiis
1802 1657 1935 1722 sitis,
1976 1656 2242 1725 quomodo

355 1731 503 1784 vobis
527 1732 720 1799 placet,
757 1731 901 1783 salvo
924 1731 1125 1784 honore
1148 1730 1300 1798 regni
1323 1730 1550 1795 affirmO,
1583 1730 1710 1798 quia
1733 1747 1838 1782 non
1858 1728 2243 1783 rennuentibus

354 1820 451 1856 nec
483 1803 974 1856 contradicentibus
1005 1803 1169 1868 vobis,
1201 1808 1281 1855 set
1310 1804 1491 1872 potius
1522 1802 1679 1871 quasi
1710 1799 2159 1870 applaudentibus
2192 1806 2245 1854 et

355 1874 460 1928 huc
496 1893 579 1927 me
617 1874 965 1928 invitantibus
1014 1874 1117 1927 hac
1161 1874 1331 1942 regali
1370 1873 1630 1942 dignitate
1668 1873 1962 1926 honoratus
1993 1889 2242 1942 appareo,

354 1946 548 2015 Legem
573 1948 736 2015 igitur
760 1952 988 1999 vestram
1015 1963 1121 1999 non
1148 1946 1202 1998 in
1227 1945 1408 2014 aliquo
1433 1962 1790 2014 corrumpere,
1807 1949 1898 2001 ⁴set
1923 1944 2030 1997 vita
2054 1943 2244 1998 comite

353 2019 494 2071 malo
537 2019 826 2071 clementer
869 2019 926 2071 in
964 2018 1211 2071 omnibus
1260 2017 1555 2087 adimplere
1598 2022 1650 2070 et
1687 2020 1896 2070 vestrae
1934 2014 2247 2069 rationabili

353 2091 632 2155 voluntati,
674 2091 729 2142 in
767 2095 1027 2159 quantum
1065 2090 1231 2155 vale0‚
1272 2089 1470 2158 ubique
1509 2089 1748 2141 animum
1786 2087 2075 2141 adhibere!

501 2187 581 2238 17.
645 2183 846 2236 Taliter
885 2182 1080 2236 effatur
1117 2200 1227 2244 rex,
1268 2189 1321 2235 et
1358 2200 1458 2234 vox
1499 2199 1605 2234 una
1642 2181 1852 2234 levatur

559 2256 812 2308 Protinus
851 2256 1079 2308 astantis
1117 2254 1289 2324 plebis
1327 2254 1440 2322 regi
1479 2253 1757 2306 iubilantis

559 2327 774 2380 Laudes
813 2333 866 2380 et
903 2333 1082 2395 grates
1123 2343 1283 2394 super
1320 2326 1417 2378 has
1455 2331 1637 2378 tantas
1675 2325 1917 2394 pietates

351 2419 698 2474 Bernhardus
744 2419 907 2488 igitur
951 2419 1060 2472 dux
1106 2424 1328 2488 accepta
1371 2419 1427 2470 in
1475 2417 1722 2470 manibus
1760 2433 1916 2469 sacra
1952 2415 2138 2470 lancea
2179 2432 2244 2468 ex

349 2499 503 2563 parte
543 2493 782 2545 omnium
820 2492 972 2560 regni
1009 2508 1195 2544 curam
1233 2491 1313 2543 illi
1351 2490 1581 2543 fideliter
1618 2488 1919 2543 committit.

560 2586 766 2638 Rursus
804 2585 1068 2638 tolluntur
1104 2601 1260 2637 voces
1297 2583 1590 2651 laudesque
1630 2586 1897 2636 canuntur

560 2657 823 2725 Undique,
865 2656 1092 2722 Christe,
1132 2655 1287 2709 bonis
1326 2655 1431 2707 hiis
1467 2672 1565 2723 pro
1602 2654 1769 2707 tantis
1806 2652 1906 2705 tibi
1944 2650 2122 2716 donis;

562 2729 791 2796 Insuper
829 2734 882 2780 et
919 2726 1077 2781 fietus
1117 2727 1350 2780 fundunt
1387 2726 1478 2796 pia
1515 2730 1735 2795 pectora
1770 2725 1920 2779 letos

563 2801 757 2853 Inclita
794 2801 963 2853 letare
1004 2799 1299 2867 Mersburg,
1338 2798 1442 2850 hiis
1482 2797 1871 2866 congratulare,

379 2883 407 2928 5
561 2874 645 2926 Da
683 2872 909 2925 iubilum
949 2871 1158 2924 Christo
1199 2869 1521 2938 condignum
1561 2869 1671 2922 sole
1709 2868 1808 2921 sub
1846 2869 1967 2922 isto.

350 2967 522 3020 Istum
573 2967 794 3034 inquam
847 2964 1032 3030 solem,
1086 2964 1142 3016 id
1193 2969 1274 3018 est
1317 2963 1481 3028 diem,
1527 2960 1903 3015 venerabiliter
1947 2959 2083 3024 cole,
2138 2969 2242 3027 quo

350 3039 551 3091 electus
591 3047 673 3090 est
711 3039 765 3089 in
802 3041 871 3101 te,
911 3038 1005 3105 qui
1044 3042 1097 3088 te
1135 3035 1474 3105 repudiatam
1513 3039 1636 3102 post
1672 3033 1803 3085 haec
1839 3050 2046 3102 semper
2075 3029 2241 3084 medi·

349 3116 498 3163 tatus
545 3114 627 3162 est
662 3108 953 3179 provehere
993 3112 1047 3161 et
1084 3107 1154 3161 ad
1190 3107 1427 3176 priorem
1475 3111 1677 3158 statum
1721 3103 1991 3159 reducere.
2075 3102 2241 3155 Bene-

349 3181 527 3235 dictus
582 3182 653 3234 sit
678 3181 866 3245 'DeuS,
920 3180 1013 3248 qui
1066 3197 1122 3232 se
1173 3178 1502 3232 honorantes
1553 3181 1606 3230 et
1650 3194 1714 3229 ex
1759 3175 1917 3229 corde
1963 3174 2242 3243 diligentes

350 3254 556 3306 exaltat
593 3252 660 3306 ad
702 3254 974 3306 horrorem
1014 3257 1068 3305 et
1106 3249 1339 3304 dedecus
1378 3267 1434 3302 se
1465 3247 1845 3302 execrantium.
1922 3246 2070 3299 Finis
2099 3246 2243 3299 venit

349 3368 385 3409 a)
416 3379 438 3400 n
463 3369 549 3401 add.
570 3369 610 3401 Τ.
713 3366 753 3409 b)
782 3367 960 3400 berhardo
975 3366 1032 3406 A,·
1053 3365 1258 3399 bethnardo
1282 3365 1319 3397 V.
1432 3363 1469 3404 c)
1491 3364 1695 3404 fasciculus
1715 3362 1838 3395 lortius
1860 3362 2023 3403 decimus,
2047 3370 2147 3401 quem
2166 3360 2242 3392 eine

348 3413 456 3444 dubio
478 3412 569 3444 idem
591 3411 623 3444 A
645 3414 860 3451 eoearaverac,
882 3413 974 3442 totus
990 3410 1102 3450 periit
1110 3421 1125 3450 ,·
1147 3418 1234 3450 quae
1257 3407 1395 3449 desunt,
1423 3416 1464 3440 ex
1486 3407 1561 3439 cod.
1579 3407 1601 3438 2
1625 3406 1875 3446 supplevimus.
1964 3404 2002 3445 d)
2026 3403 2134 3445 iffare
2155 3404 2189 3435 2.

357 3499 396 3551 1)
439 3499 529 3551 Qui
556 3499 606 3542 in
638 3512 686 3542 eo
724 3510 907 3542 munere
940 3496 1179 3542 Thiecbrico
1218 3510 1260 3540 a.
1283 3494 1368 3540 995
1398 3497 1574 3537 mortuo
1612 3493 1672 3544 (v.
1696 3493 1783 3547 IV,
1814 3493 1891 3544 20)
1927 3491 2104 3536 videtur
2140 3502 2240 3534 suc·

351 3558 552 3607 cessisse,
586 3571 627 3599 α.
658 3556 767 3601 1002
790 3560 939 3600 autem
959 3555 1053 3599 iam
1077 3559 1283 3600 mortuus
1307 3563 1403 3597 esse
1411 3567 1427 3606 ;
1459 3549 1518 3606 cf.
1542 3549 1693 3595 ‘Neue
1715 3549 1945 3595 Mathe-il!
1971 3548 2127 3593 XVII
2153 3547 2180 3592 l.
2204 3560 2241 3592 c.

352 3615 394 3663 2)
430 3613 558 3663 Confi
590 3612 647 3657 ‘J
648 3613 791 3658 ahrb!
823 3614 866 3668 I,
898 3613 982 3656 222
1006 3625 1072 3669 sq.
