2372 3970
80 1022 90 1033 .
107 1000 184 1031 733.

60 1155 136 1188 cod.
153 1155 185 1187 2.

24 2432 33 2446 ζ’
82 2456 88 2464 .
109 2432 184 2464 734.

211 1789 264 1833 10

209 2141 263 2185 15

207 2499 264 2543 20

208 2855 263 2899 25

828 977 1438 1034 PROLOGUS.²·*

320 1098 717 1190 *Coniunctum
757 1135 899 1187 dulci
937 1134 1162 1187 fraterni
1200 1135 1332 1187 iuris
1370 1151 1548 1187 amore

348 1209 419 1262 Et
455 1208 585 1260 mihi
623 1207 877 1259 dilectum
915 1206 1136 1274 supplex
1172 1223 1300 1273 rogo
1338 1210 1391 1257 te
1431 1205 1754 1274 Sigefridum
1778 1205 1795 1240 ¹

348 1279 502 1332 Nunc
540 1296 633 1347 ego
670 1278 1064 1341 Thietmarusb,
1104 1277 1284 1329 videas
1322 1295 1441 1329 mea
1478 1278 1680 1345 scripta
1717 1276 1955 1344 benigne,

351 1353 497 1416 Quae
533 1350 780 1419 placeant
817 1349 1019 1401 addens
1058 1355 1110 1400 et
1147 1366 1388 1417 quaeque
1428 1347 1696 1417 superflua
1730 1347 1939 1402 tollens,

352 1422 496 1475 Haec
532 1438 639 1474 non
679 1426 873 1473 ornatu
912 1419 1190 1488 splendent
1227 1420 1530 1472 dictaminis
1569 1420 1694 1483 ullo,

349 1493 453 1546 Sed
490 1499 694 1546 tantum
734 1493 892 1561 plano
930 1497 1246 1560 percurrunt
1284 1491 1466 1544 ordine
1506 1509 1690 1560 campo

350 1564 613 1618 Saxoniae
651 1582 835 1631 regum
872 1564 1035 1616 vitam
1073 1579 1353 1630 moresque
1390 1564 1617 1631 piorum,

351 1636 586 1700 Quorum
623 1635 955 1702 temporibus
990 1652 1211 1701 regnum
1250 1634 1394 1686 velut
1430 1634 1601 1686 ardua
1640 1634 1830 1687 cedrus

351 1708 558 1759 Enituit
596 1713 835 1759 nostrum
876 1707 1034 1772 longe
1070 1706 1283 1774 lateque
1321 1706 1646 1769 timendum3

351 1779 551 1831 Dicunt
587 1779 841 1831 ecclesiae
880 1783 1206 1830 structuram
1245 1776 1582 1844 dampnaque
1619 1782 1851 1842 nostrae,

349 1849 480 1902 Eius
516 1848 793 1914 laetificos,
833 1850 886 1900 in
927 1849 1044 1916 quis
1081 1853 1380 1916 reparatur,
1421 1854 1475 1899 et
1510 1865 1692 1913 annoe,

349 1921 420 1973 At
455 1922 752 1989 provisores
792 1919 1027 1972 eiusdem
1064 1925 1178 1971 tum
1218 1919 1375 1970 simul
1413 1937 1613 1971 omnes.

352 1992 471 2044 Non
509 1991 841 2044 asscribatur
877 1990 1023 2054 mihi,
1065 1991 1111 2042 si
1150 1990 1276 2058 quid
1314 1991 1369 2041 in
1406 1989 1510 2043 hoc
1545 1992 1784 2043 variatur

350 2062 509 2114 Libro
546 2063 628 2114 vel
665 2062 819 2127 desit,
859 2063 1014 2114 testis
1052 2078 1173 2113 cum
1208 2060 1500 2130 parvulus2
1539 2063 1685 2115 assit.

351 2132 524 2186 Nevas
563 2134 776 2186 inscitia
813 2137 1027 2197 natas0,
1067 2133 1356 2198 carissime,
1397 2138 1559 2197 muta,

350 2205 597 2269 Credem,
637 2204 781 2273 quod
818 2222 1107 2272 numquam
1146 2205 1401 2272 cepissem
1441 2204 1669 2258 scribere
1707 2206 2008 2273 quicquam,

349 2275 417 2327 Ni
455 2275 596 2345 quod
634 2276 875 2344 prefatus
915 2277 1012 2328 tibi
1053 2293 1170 2328 sum
1208 2274 1396 2328 foret3.
1473 2276 1613 2344 Ergo
1651 2275 1910 2344 benignus

350 2347 504 2400 Tales
542 2347 707 2401 funde
743 2365 929 2416 preces
966 2364 1173 2400 mecum
1212 2346 1277 2398 de
1317 2346 1476 2400 corde
1513 2348 1771 2415 gementi:

322 2418 580 2483 *Christe‚
620 2419 781 2472 decus
819 2436 1019 2487 regum,
1060 2418 1367 2471 moderator
1405 2424 1458 2471 et
1494 2419 1853 2487 imperiorum,

351 2491 657 2558 Propiciare
694 2497 785 2543 tuo
824 2508 943 2543 cum
982 2491 1280 2543 commissis
1318 2489 1420 2543 sibi
1457 2507 1635 2558 regno,

349 2561 423 2615 Ut
458 2562 574 2627 tibi,
613 2580 718 2615 non
754 2562 926 2627 nobis,
965 2562 1205 2615 solvatur
1242 2562 1415 2631 gloria
1452 2561 1647 2627 laudiS‚

348 2634 420 2686 Et
456 2650 562 2686 non
601 2634 836 2687 externis
875 2640 1000 2687 tuus
1038 2651 1290 2702 umquam
1331 2633 1537 2686 substet
1574 2633 1740 2688 ovilis,

421 2705 464 2758 O
503 2722 596 2758 vos
635 2706 987 2771 christicolae,
1027 2705 1200 2758 cordis
1239 2723 1379 2757 nunc
1416 2722 1543 2758 voce
1581 2712 1783 2772 rogate,

351 2776 603 2829 Maiestas
641 2778 856 2830 Domini
895 2794 1000 2845 quo
1041 2778 1289 2844 dignetur
1327 2776 1582 2841 misereri,

350 2846 430 2900 Ne
462 2848 606 2900 mala
635 2866 732 2901 nos
763 2850 1044 2916 stringant,
1084 2866 1222 2918 quae
1255 2848 1424 2900 multa
1453 2866 1733 2913 meremur,
1774 2852 1826 2900 et
1857 2852 2081 2915 angant,

351 2918 511 2972 Certa
548 2919 852 2973 futurorum
893 2938 1029 2988 quae
1066 2938 1166 2973 vox
1202 2925 1428 2973 ventura
1465 2919 1725 2972 bonorum

348 2989 592 3045 Predixit
628 2993 824 3045 nostris
861 2992 916 3044 in
954 2991 1301 3060 temporibus,
1341 2990 1639 3044 manifestis

350 3062 485 3116 Pro‘1
522 3063 695 3117 dolor!
757 3064 813 3116 in
851 3063 1034 3116 multis
1071 3062 1587 3131 manifestandisque
1626 3062 1882 3130 profecto,

304 3177 344 3230 *)
374 3177 541 3234 Incipit
560 3179 783 3245 ‚prologus
821 3178 1088 3223 venerabilis
1128 3178 1277 3222 domni
1316 3178 1563 3221 Thietmari
1601 3177 1791 3232 episcopi
1829 3177 2072 3222 Mersebur-

379 3235 528 3289 gensis
556 3250 606 3279 in
638 3235 773 3280 Gesta
802 3235 1023 3280 Saxonum
1053 3238 1094 3280 2.

210 3331 244 3373 a)
270 3334 436 3374 preloque
465 3336 495 3365 et
524 3335 663 3366 initium
692 3335 773 3366 libri
796 3336 917 3375 primi,
948 3336 987 3367 in
1013 3338 1041 3367 1.
1075 3335 1267 3376 deperdita,
1298 3336 1457 3375 suppleta
1479 3336 1560 3366 sunt
1583 3344 1599 3365 c
1621 3335 1653 3365 2.
1750 3333 1789 3370 b)
1822 3334 2014 3365 thitmarus
2038 3335 2071 3365 2.

208 3377 306 3407 semel
327 3375 389 3408 hoc
411 3378 493 3408 loco.
582 3378 615 3416 c)
637 3377 781 3410 Naevos
802 3378 948 3409 inscitia
969 3381 1072 3410 natos
1095 3379 1243 3410 correaeit
1266 3379 1484 3416 Leibm'tius;
1515 3380 1551 3409 at
1575 3377 1793 3408 Thietmarus
1814 3386 1944 3417 semper
1964 3378 2074 3408 utitur

208 3420 310 3451 verbo
332 3427 460 3459 naevo„
482 3428 669 3461 numquam
691 3429 842 3452 naevus.
889 3422 929 3453 L.
1009 3419 1047 3461 d)
1069 3422 1180 3461 proch
1203 3423 1236 3454 2.
1259 3430 1400 3460 semper.

210 3505 252 3559 1)
285 3506 504 3550 Abbatem
533 3507 794 3550 monasterii
827 3506 874 3551 S.
896 3507 1119 3550 Iohannis
1149 3507 1361 3562 Maydeb.
1394 3504 1751 3560 (1009-1022),
1790 3511 1950 3561 postea
1980 3506 2071 3562 epi-

208 3576 391 3618 scopum
433 3564 630 3608 Monast.
673 3563 1028 3619 (1022—1032).
1154 3564 1198 3617 2)
1240 3565 1280 3606 I.
1312 3577 1346 3607 e.
1378 3564 1502 3608 testis
1542 3576 1700 3617 rav-ue,
1742 3568 1871 3608 testes
1910 3565 2051 3618 pauci
2058 3580 2072 3618 ;

209 3619 265 3674 cf.
296 3622 366 3673 ΙΙ,
397 3622 465 3665 40.
526 3622 578 3664 L.
694 3621 738 3670 3)
770 3620 841 3665 Sc.
872 3621 1027 3676 inopia
1057 3621 1231 3665 testium
1263 3634 1297 3664 s.
1330 3621 1579 3665 annalium.
1639 3621 1697 3665 L.

1765 3707 1790 3750 1
