2456 4036
666 208 1000 254 THIETMARI
1029 207 1246 254 CHRON.
1303 210 1417 255 LIB.
1449 209 1561 254 VIII
1593 209 1728 263 (VII).
2042 212 2125 254 217

258 334 552 404 preteriens
602 334 736 386 illud
781 335 902 388 stilo
947 335 1177 390 breviter
1221 338 1426 404 aperio,
1488 335 1631 405 quod
1688 335 1816 387 mihi
1875 335 2125 403 quidaml

258 421 355 473 pro
392 405 619 457 veritate
657 404 759 457 sibi
796 405 1064 473 cognitum
1100 407 1379 462 intimavit.
1488 457 1490 459 .

397 476 483 529 40.
558 474 875 528 Α61Ι1611·6(1ει
942 494 1037 528 rex
1094 477 1384 544 Anglorum
1443 477 1575 530 obiit
1631 494 1770 530 anno
1825 477 2120 529 dominicae
2153 488 2277 532 1016.

258 546 457 599 incarn.
491 545 726 597 MXV10:
765 552 819 598 et
855 546 910 597 in
949 564 1126 600 mense
1164 548 1303 601 Iulio
1340 548 1567 616 predicti
1603 548 1799 601 fratres
1836 547 2038 600 Harald
2075 552 2128 599 et

259 616 429 669 Cnutb
488 614 590 686 [ac]
643 633 762 668 cum
806 616 940 669 duce
986 618 1179 670 suimet
1223 619 1263 670 T
1266 619 1533 687 hurguto2
1578 622 1835 687 cum[que]
1893 617 2023 671 CCC
2076 626 2128 670 et

257 687 350 740 XL
386 686 610 740 navibus
650 687 846 754 egressi
883 686 1068 740 urbem
1105 689 1373 757 quandam
1415 691 1627 743 nomine
1665 689 1996 753 Lundunam,
2035 688 2127 741 ubi

255 756 475 825 regina-⁹»
534 758 705 810 tristis
764 775 892 810 nece
950 758 1048 810 viri
1109 761 1303 812 suimet
1361 766 1414 813 et
1472 761 1766 814 defensoris
1831 778 1950 814 cum
2002 759 2128 813 filiis

256 829 567 882 Ethelsteno
619 845 682 880 ac
729 828 1070 881 Ethmundo4
1122 835 1175 882 et
1226 830 1432 883 duobus
1484 833 1746 900 episcopis
1798 832 2128 899 caeterisque

255 899 574 968 primatibus
618 899 852 966 presidio
898 899 1139 965 sedebat,
1186 901 1541 965 circumdant3
1589 908 1642 955 et
1685 920 1843 955 naves
1890 902 2126 971 singulas

254 971 452 1024 LXXX
500 971 642 1023 viros
700 970 959 1023 habentes
1025 989 1122 1038 per
1170 970 1389 1037 flumen,
1460 973 1604 1041 quod
1654 973 1840 1027 Timisi
1890 978 2124 1039 vocatur,

255 1042 512 1095 ducentes
570 1041 643 1094 VI
695 1058 904 1095 menses
971 1042 1189 1095 eandem
1250 1043 1581 1111 impugnant.
1688 1045 1889 1112 Regina
1948 1049 2124 1097 autem

251 1119 380 1167 tunc
415 1112 553 1165 bello
584 1112 881 1180 defatigata
915 1113 1129 1166 assiduo
1159 1114 1376 1166 nuntios
1407 1115 1566 1180 misit,
1606 1116 1700 1183 qui
1729 1116 1798 1169 ab
1829 1117 1906 1168 eis
1940 1132 2124 1183 pacem

252 1189 494 1252 peterent
530 1187 598 1248 et,
639 1183 797 1252 quid⁰
834 1183 903 1237 ab
942 1184 1037 1236 ead
1069 1192 1432 1251 exposcerent,
1472 1186 1752 1253 diligenter
1780 1188 2126 1255 inquirerent.

253 1254 623 1322 Respondetur
659 1256 904 1322 protinus
940 1255 1045 1308 hiis
1083 1254 1152 1308 ab
1188 1256 1519 1323 inexplendis
1557 1257 1814 1321 hostibuS,
1854 1259 1898 1310 si
1942 1259 2126 1326 regina

251 1326 509 1379 voluisset
546 1325 675 1378 dare
713 1325 850 1379 filios
888 1343 1011 1379 suos
1060 1326 1115 1378 in
1152 1332 1376 1379 mortem
1422 1346 1583 1395 seque
1622 1346 1741 1381 cum
1780 1329 1877 1381 XV
1909 1329 2125 1381 milibus

252 1399 459 1466 argenti
494 1397 817 1466 ponderibus
856 1403 908 1451 et
952 1397 1226 1466 episcopos
1268 1415 1387 1451 cum
1418 1398 1522 1450 XII
1553 1399 1767 1452 milibus
1799 1405 1850 1452 et
1880 1399 2125 1452 omnibus

251 1469 451 1533 loricis,
489 1486 712 1537 quarum
750 1468 897 1522 milia
926 1468 1142 1521 XXIIII
1172 1487 1426 1522 numerus
1455 1470 1783 1523 incredibilis
1816 1477 1945 1534 erat,
1984 1470 2125 1523 redi-

252 1557 396 1593 mere
445 1546 500 1593 et
545 1540 616 1593 ad
653 1539 785 1592 haec
823 1539 1090 1608 speranda
1135 1539 1313 1593 CCC⁰⁸
1360 1541 1569 1594 obsides
1620 1542 1813 1594 electos
1860 1542 1988 1594 dare
2038 1559 2125 1594 vo·

251 1611 456 1676 luisset,
495 1611 599 1664 sibi
628 1617 839 1664 tantum
870 1611 1133 1679 sociisque
1163 1611 1357 1664 suimet
1385 1630 1569 1680 pacem
1601 1631 1721 1665 cum
1758 1613 1870 1666 vita
1900 1612 2124 1681 adipisci

250 1683 536 1752 potuisset3
578 1683 660 1736 sin
698 1687 892 1743 autem,
932 1699 1114 1735 omnes
1151 1688 1263 1735 tere
1301 1683 1602 1736 clamabant
1640 1682 1764 1755 [eos]
1803 1684 1910 1737 una
1947 1684 2124 1751 gladio

250 1755 535 1823 perituros,
611 1753 945 1806 Venerabilis
983 1751 1141 1826 [vero]
1179 1754 1362 1821 regina
1400 1772 1518 1807 cum
1561 1756 1672 1808 suis
1717 1755 1818 1807 hac
1861 1756 2124 1823 legatione

250 1825 538 1878 admodum
561 1825 779 1878 turbata
807 1830 928 1894 post
958 1825 1171 1893 longam
1202 1827 1464 1879 estuantis
1495 1827 1658 1879 animi
1690 1826 2124 1879 deliberationem

89 1911 227 1945 01-160-
253 1915 310 1950 se
362 1898 439 1950 sic
491 1896 783 1950 facturamf
843 1896 1189 1966 spospondit&
1256 1903 1309 1949 et
1361 1897 1446 1964 [id]
1510 1897 1690 1964 *[cum]
1743 1898 2124 1966 prenominatis

251 1967 514 2021 militibus
552 1966 744 2023 firmat.

393 2041 477 2093 41.
529 2039 750 2091 Interim
782 2038 1074 2092 confratres
1106 2039 1374 2092 secundoh
1415 2041 1588 2092 noctis
1619 2039 1865 2092 silentio*
1895 2039 1950 2091 in
1980 2039 2124 2092 navi-

252 2110 373 2163 cula
417 2110 737 2177 promissum
780 2109 1063 2163 evadentes
1099 2111 1410 2179 periculum,
1451 2128 1811 2179 quoscumque
1855 2117 2121 2178 poterant,

251 2181 322 2234 ad
365 2180 725 2235 defensionem
770 2183 981 2249 patriae
1036 2186 1090 2234 et
1133 2183 1461 2248 ereptionem
1513 2183 1700 2235 matris
1751 2182 1906 2234 hoste
1951 2181 2125 2235 adhuc

250 2253 350 2305 hoc
384 2253 666 2321 ignorante
696 2253 1103 2321 congregabant.
1160 2253 1263 2306 Sed
1294 2271 1413 2306 cum
1447 2254 1502 2305 in
1526 2271 1633 2305 una
1657 2253 1860 2305 dierum
1885 2253 2126 2321 Thurgut

250 2325 548 2391 piratarum
587 2324 696 2377 dux
732 2324 801 2377 ad
839 2324 1237 2394 depopulandos
1273 2324 1404 2377 fines
1434 2325 1703 2392 proximos
1735 2342 1854 2376 cum
1884 2324 2125 2377 multitu-

252 2395 375 2449 dine
412 2395 787 2465 egredereturi,
827 2414 892 2449 ex
929 2397 1215 2465 improviso
1248 2395 1493 2451 hostibus
1525 2413 1808 2449 occurrens
1842 2412 1930 2448 eos
1961 2394 2123 2448 offen-

252 2467 332 2519 dit
383 2473 456 2531 et,
505 2473 567 2519 ut
603 2467 816 2520 eosdem
856 2468 1061 2520 eminus
1107 2468 1338 2536 aspexit,
1386 2468 1554 2521 socios
1600 2473 1848 2520 exortans
1899 2466 2125 2519 viriliter

254 2537 386 2608 [hos]
433 2537 590 2601 adiit;
644 2543 698 2591 et
742 2538 1049 2592 ceciderunt
1091 2539 1396 2606 utrimquek
1446 2538 1712 2591 Aethmun
1765 2539 1840 2590 etl
1884 2537 2125 2604 Thurgut

253 2627 372 2682 cum
409 2610 643 2662 maxima
681 2611 945 2663 sociorum
976 2609 1318 2663 multitudine
1332 2611 1369 2664 5.
1444 2610 1512 2662 Et
1541 2627 1636 2663 nec
1667 2610 1770 2662 hiis
1801 2627 1971 2677 neque
2002 2609 2123 2662 aliis

346 2723 391 2777 *)
422 2723 670 2768 Etmundus
701 2727 747 2768 et
776 2723 1059 2770 Edelsteinus
1089 2738 1216 2781 reges
1251 2725 1355 2770 add.
1384 2726 1436 2769 V.

252 2822 287 2863 a)
318 2823 393 2855 ath.
420 2823 456 2856 V.
557 2822 596 2865 b)
626 2825 748 2856 conuit
769 2825 813 2857 B.
858 2851 871 2868 ο
915 2824 949 2864 0)
979 2821 1027 2864 qd
1050 2826 1083 2856 1.
1184 2823 1222 2865 d)
1252 2824 1304 2856 eis
1326 2825 1369 2855 B.
1472 2822 1506 2863 e)
1527 2817 1596 2856 1-1.
1699 2823 1729 2863 f)
1751 2826 1800 2855 ita
1826 2824 1868 2861 V‚·
1894 2823 2051 2855 futuram
2075 2824 2120 2854 B.

252 2869 290 2907 g)
312 2869 455 2898 alterum
473 2875 490 2897 s
512 2876 646 2899 erasum
662 2871 694 2900 1.
761 2867 801 2907 h)
827 2873 897 2902 .ΙΙ.
915 2867 1007 2907 (119)
1022 2868 1060 2907 13
1076 2866 1145 2898 duo
1161 2868 1274 2907 Lopp.
1334 2867 1360 2907 i)
1376 2866 1566 2907 egredetur
1581 2867 1624 2908 B,
1641 2876 1730 2898 corr.
1751 2868 1790 2898 T.
1858 2866 1899 2908 k)
1916 2865 2057 2906 utrique
2085 2866 2119 2897 V.

253 2910 279 2950 1)
302 2909 499 2941 atmundus
521 2918 585 2942 rex
609 2913 646 2942 et
668 2910 741 2943 dux
762 2911 812 2945 th.
833 2921 922 2943 corr.
949 2911 985 2942 V.

253 2980 295 3034 1)
327 2981 398 3026 Sc.
422 2981 671 3037 Sewaldus,
701 2989 753 3027 ut
779 2983 915 3039 liquet
943 2996 1000 3027 eoe
1030 2995 1129 3036 cap.
1161 2982 1369 3037 sequenti.
1429 2983 1483 3024 L.
1599 2982 1642 3032 2)
1673 2981 1858 3033 Eodem,
1890 2982 1970 3038 qui
1997 2980 2121 3030 infra

253 3044 294 3083 et
329 3039 458 3093 apud
501 3039 617 3083 alios
660 3040 901 3094 scriptores
948 3039 1136 3083 Thurkil
1179 3039 1459 3094 appellatum
1512 3039 1573 3090 cf.
1610 3038 1845 3093 Lappenb.
1882 3040 1910 3082 l.
1951 3052 1986 3083 c.
2024 3040 2122 3082 442.

251 3096 518 3140 Dahlmann
541 3097 567 3140 l.
586 3110 621 3141 0.
680 3095 724 3150 3)
748 3098 929 3148 Emma,
945 3097 1052 3152 filia
1070 3096 1298 3140 Richardi
1311 3097 1351 3139 Ι.
1370 3096 1500 3140 ducis
1517 3095 1828 3139 Normanniae
1846 3095 2120 3148 (943—996),

252 3167 388 3208 quam
427 3154 668 3198 Aethelred
708 3168 750 3198 a.
786 3154 895 3198 1001
938 3155 987 3197 in
1028 3154 1361 3198 matrimonium
1404 3153 1597 3196 duxerat
1607 3168 1620 3205 ,-
1664 3153 1901 3208 Lappenb.
1939 3152 2022 3197 431
2057 3166 2119 3207 sq.

250 3209 296 3263 4)
326 3210 559 3266 Privignis
588 3211 780 3255 Emmae
819 3212 875 3256 ab
906 3210 1174 3256 Aethelredo
1211 3223 1266 3254 ex
1291 3210 1448 3264 priore
1485 3210 1672 3262 eoniuye
1702 3209 1907 3261 Aelfleda
1942 3210 2119 3265 genitis.

251 3267 296 3319 5)
337 3267 621 3312 Thietmarus
657 3268 712 3312 de
744 3281 905 3323 puyna
941 3269 1022 3312 illa
1058 3268 1121 3311 ad
1157 3267 1343 3319 fiuvium
1382 3267 1567 3310 Themse
1606 3267 1715 3311 1016
1764 3267 1870 3310 Iun.
1896 3269 1950 3311 25
1988 3271 2030 3310 et
2065 3267 2119 3310 26

254 3325 488 3369 commissa
532 3324 611 3378 (cf.
648 3325 952 3380 Lappenbery
995 3326 1081 3369 454
1116 3326 1200 3380 sq.)
1246 3324 1392 3367 dicere
1435 3324 1627 3376 videtur,
1672 3337 1786 3379 quae
1827 3325 1876 3367 in
1923 3324 2121 3368 carmine

255 3381 507 3438 Knytlinya
530 3381 655 3437 Saga
677 3381 1016 3432 (‘F0rnmanna
1039 3381 1202 3436 So‘yur’
1237 3381 1330 3431 XI)
1362 3380 1536 3434 copiose
1568 3381 1846 3424 describitur.
1914 3383 1978 3425 At
2007 3381 2120 3424 Eth-

252 3439 450 3482 mundus
473 3439 543 3482 ΙΙ.
581 3439 833 3490 (Ironside)
870 3452 949 3483 rex
978 3452 1069 3482 non
1097 3444 1226 3492 tunc,
1265 3438 1345 3481 sed
1373 3438 1568 3480 eiusdem
1600 3439 1712 3481 anni
1740 3438 1809 3481 die
1842 3439 1955 3482 Nov.
1980 3439 2036 3482 30
2066 3451 2120 3480 ex

251 3495 346 3539 vita
387 3495 598 3549 decessit,
645 3495 833 3539 Thurkil
871 3500 1020 3540 autem
1050 3509 1189 3550 usque
1230 3496 1292 3538 ad
1329 3509 1371 3538 a.
1412 3494 1522 3538 1022
1553 3500 1633 3539 aut
1677 3495 1849 3539 diutius
1879 3495 2015 3548 010111,-
2058 3496 2119 3548 ef.

252 3553 549 3608 Lappenbery
578 3553 662 3597 458
686 3558 726 3597 et
747 3553 844 3596 472.
