2456 4036
179 336 306 388 1002.

149 2062 234 2095 Iun.
251 2063 306 2094 24.

71 2420 157 2453 Iun.
175 2421 230 2453 29.
251 2419 306 2452 30.

337 207 422 251 114
858 201 1197 248 THIETMARI
1228 201 1444 247 CHRON.
1504 202 1619 246 LIB.
1652 203 1705 247 V.

336 334 445 403 gali
479 332 754 385 unc*cione
793 330 996 383 cunctis
1033 327 1368 396 presentibus
1402 328 1573 380 Deum
1604 327 2035 380 collaudantibus
2066 345 2214 381 coro-

335 410 509 457 natur.
565 404 898 455 Francorum
942 405 994 451 et
1026 399 1563 451 Muselenensiumad
1594 398 1854 466 primatus
1884 399 1998 467 regi
2026 417 2218 452 manus

335 481 464 529 tunc
501 472 811 543 applicansb
848 471 1077 539 gratiam
1116 469 1352 521 eiusdem
1390 470 1599 523 meruit.

484 547 564 597 12.
627 542 885 596 Omnibus
924 540 1029 592 huc
1063 540 1299 608 undique
1338 540 1727 594 confluentibus
1766 541 1853 593 inc
1889 541 2147 593 miliciam
2185 559 2218 594 a

335 634 457 684 rege
483 614 745 681 susceptis
776 629 963 664 rursus
986 611 1192 664 Renum
1224 611 1573 665 inundantem
1603 629 1698 664 rex
1727 613 1924 665 novusd
1951 612 2218 665 transiens

335 706 432 756 per
473 684 786 738 orientalem
825 683 1154 747 Franciame‚
1204 683 1307 736 sibi
1357 701 1520 752 quam
1567 682 1799 748 fidelem,
1848 683 2219 736 Alemanniam

335 757 585 812 invadere
623 760 676 808 et
713 771 835 807 cum
875 753 1286 823 depopulatione
1324 754 1468 808 illius
1501 760 1679 808 terrae
1710 754 1779 808 ab
1808 755 2033 824 inceptis
2065 755 2218 807 Heri-

335 845 588 882 mannum
618 825 955 879 resistentem
989 829 1216 878 conatur
1247 831 1500 881 avertere.
1562 826 1683 878 Dux
1714 830 1894 879 autem
1924 831 1986 879 ut
2016 827 2220 879 audivit

336 917 434 954 sua
465 917 497 951 a
526 915 652 965 rege
680 896 924 966 predata,
962 896 1198 950 nondum
1228 897 1407 950 volens
1438 897 1755 962 humiliaris,
1795 897 1888 950 sed
1917 915 2013 967 pro
2038 897 2216 950 dolor!

336 974 527 1025 contra
579 969 850 1022 dominum
905 974 957 1021 et
1007 986 1187 1037 regem
1237 969 1479 1022 exaltans
1524 985 1604 1033 se,
1658 974 1819 1037 caput
1863 969 2088 1022 ducatus
2134 969 2219 1022 sui

336 1042 707 1110 Argentinam,
755 1057 858 1108 que
899 1040 1190 1109 Strazburg
1228 1041 1448 1106 dicitur,
1495 1041 1622 1109 quia
1661 1043 1941 1110 episcopus
1981 1040 2219 1093 eiusdem

334 1113 485 1168 urbis
530 1110 858 1165 Wicelinus2
904 1111 1004 1164 sibi
1049 1113 1298 1165 resistere
1343 1113 1750 1181 presumpserit,
1803 1129 1924 1165 cum
1972 1111 2218 1165 Conrado

334 1186 530 1239 suimet
575 1182 862 1252 generog·3
921 1183 1089 1237 milite
1134 1185 1271 1253 petit
1321 1189 1530 1237 armato
1585 1201 1870 1253 murosque
1924 1183 2218 1237 ascendens

333 1257 411 1310 nil
453 1257 609 1309 victis
646 1254 926 1324 reliquidh.
1017 1255 1122 1308 Sed
1174 1261 1424 1310 execrata
1469 1255 1884 1308 Alemannorum
1935 1255 2097 1308 turba
2148 1254 2219 1308 ad

331 1326 648 1398 rapiendum
709 1327 1112 1396 promptissima
1177 1327 1344 1380 inscio
1408 1326 1542 1380 duce
1608 1328 1866 1380 maiorem
1939 1327 2219 1381 ecclesiam

334 1404 554 1454 sanctae
592 1399 693 1452 Dei
741 1399 1017 1467 genitricis
1062 1398 1332 1468 intrepida
1369 1398 1605 1452 *intrans
1658 1415 1864 1451 omnem
1905 1398 2215 1452 thesaurum
2241 1416 2258 1435 *

332 1471 520 1541 diripit
557 1476 625 1536 et,
666 1470 807 1539 quod
845 1471 1137 1523 maximum
1176 1474 1294 1523 erat
1331 1469 1558 1535 facium,
1597 1470 1719 1539 igne
1755 1469 1970 1523 domum
2008 1470 2219 1523 Domini

334 1543 678 1612 consumpsit.
755 1542 812 1595 Si
843 1559 965 1595 vere
1001 1541 1130 1595 felix
1166 1542 1374 1607 fuisset,
1413 1542 1575 1610 primi
1612 1543 1884 1610 ingressus
1922 1541 2218 1595 acerbitate

332 1615 589 1669 deterrita
637 1631 931 1683 numquam
975 1614 1185 1667 maiora
1221 1613 1441 1683 aggredi
1478 1620 1827 1681 presumeret.
1902 1612 2038 1666 Nam
2081 1614 2218 1667 anti-

335 1687 477 1741 stitis
523 1685 785 1739 militibus
833 1685 1151 1738 Reinwardo
1201 1691 1421 1738 auctore
1466 1684 1755 1739 infideliter
1797 1684 2217 1754 repugnantibus

332 1759 569 1812 maxima
620 1756 855 1811 hostium
908 1762 1125 1810 caterva
1186 1758 1394 1811 irruens
1453 1758 1669 1826 proprio
1728 1756 1974 1826 perfossa
2033 1757 2219 1811 hastili

333 1831 536 1885 corruit
599 1830 869 1897 vitamque
939 1829 1079 1882 hanc
1139 1828 1318 1882 divina
1383 1829 1583 1882 ultione
1643 1828 2023 1882 miserabiliter
2080 1827 2215 1882 finit.

332 1903 480 1956 Haec
537 1901 899 1954 Herimannus
955 1900 1248 1954 insolabilii
1301 1907 1521 1970 questus
1575 1918 1780 1953 merore
1836 1900 2088 1954 discescit
2138 1901 2216 1952 in-

333 1975 626 2042 ultumque,
669 1973 794 2042 quia
832 1971 1072 2025 defendit
1108 1990 1378 2036 numerus,
1419 1972 1665 2041 reliquid.

479 2047 561 2100 13.
594 2044 690 2115 (8)
746 2045 876 2112 Regi
907 2051 1087 2096 autem
1119 2044 1263 2111 apud
1294 2045 1521 2113 Augiam
1553 2041 1818 2097 insulam4
1850 2043 2217 2096 nativitatemk

333 2118 506 2171 sancti
530 2117 784 2169 Iohannis
824 2116 1093 2185 baptistae
1126 2117 1476 2169 commoranti
1507 2116 1653 2169 fama
1683 2116 1834 2168 velox
1865 2119 1919 2167 et
1942 2115 2216 2184 sepissime

331 2189 498 2243 dubia
529 2188 941 2241 Herimannuml
979 2187 1167 2240 ducem
1201 2188 1351 2241 litem
1383 2187 1562 2240 duello
1595 2205 1758 2241 causa
1786 2186 2007 2239 finiendi
2036 2187 2216 2239 venire

330 2261 600 2314 nuntiavit
633 2259 965 2328 eundemque
1001 2259 1126 2312 hinc
1164 2259 1437 2313 discedere
1475 2258 1868 2328 adventumque
1907 2259 2056 2312 ducis
2095 2276 2216 2311 cum

331 2332 535 2386 iudicio
580 2349 757 2400 pugne
802 2332 859 2384 in
902 2331 1074 2402 pratis
1110 2331 1403 2385 virentibus
1448 2349 1512 2384 ac
1556 2331 1684 2384 latis
1722 2331 1851 2384 fecit
1889 2336 2215 2399 exspectare.

332 2405 416 2458 Ibi
445 2409 574 2458 tunc
603 2403 965 2473 apostolorum
981 2402 1004 2439 5
1034 2402 1308 2456 celebrans
1335 2403 1474 2456 festa
1495 2403 1815 2473 longumque
1839 2401 2216 2456 certitudinem

330 2476 629 2546 prestolans
681 2475 868 2528 ducem
915 2475 1140 2543 inceptis
1184 2475 1471 2543 persistere
1516 2492 1687 2543 neque
1732 2475 1864 2528 velle
1908 2492 2007 2528 nec
2058 2490 2215 2542 posse

329 2566 426 2618 pro
464 2552 608 2601 certo
647 2548 920 2617 comperit.
1006 2546 1321 2600 Consultum
1359 2551 1441 2599 est
1477 2547 1528 2599 ei
1565 2564 1598 2599 a
1635 2547 1952 2600 malesuasis
1989 2546 2216 2598 fautori-

330 2620 452 2685 bus,
501 2618 642 2688 quod
679 2619 1004 2687 Argentinae
1049 2618 1302 2671 damnum
1350 2618 1664 2671 Constantia
1708 2619 1972 2688 impleret.
2054 2617 2215 2670 Nam—

331 2709 434 2761 que
486 2690 724 2744 eiusdem
777 2691 1008 2744 civitatis
1062 2691 1361 2759 episcopus,
1414 2691 1630 2748 nomine
1683 2689 2039 2755 Lanbertusss,
2094 2707 2215 2742 cum

330 2763 579 2817 Guriensi
636 2767 851 2830 pastore
921 2761 1254 2815 *Othelrico7
1306 2761 1760 2828 {Herimannumm
1833 2760 2214 2827 auxiliabatur,

329 2853 435 2888 non
471 2839 684 2888 tantum
722 2852 785 2886 ex
825 2834 1017 2899 anim0‚
1067 2839 1327 2902 quantum
1365 2834 1420 2887 in
1459 2835 1692 2887 civitatis
1732 2835 1981 2902 contiguo
1995 2832 2033 2887 8.
2111 2832 2213 2886 Sed

329 2951 364 2990 a)
386 2950 717 2982 muselesnensium
732 2949 774 2981 Α.
857 2947 897 2991 b)
919 2949 1112 2988 applicatis
1135 2949 1180 2981 A.
1261 2949 1294 2989 c)
1317 2949 1399 2989 iA‚·
1421 2950 1436 2981 ῐ
1458 2950 1498 2982 V.
1587 2947 1625 2990 d)
1647 2950 1697 2981 ita
1720 2951 1765 2989 V,·
1790 2951 1897 2981 nouis
1912 2949 1955 2981 A.
2039 2948 2073 2988 e)
2097 2948 2215 2980 franc-

329 2994 419 3026 tiam
435 2993 477 3028 A.
571 2992 602 3034 f)
623 2992 817 3024 humiliare
834 2992 877 3027 A.
969 2991 1007 3032 g)
1029 3000 1076 3031 ge
1090 3001 1130 3023 ro
1147 2993 1184 3023 in
1200 2992 1337 3025 duabus
1353 2993 1455 3024 lineis
1471 2995 1506 3033 13
1536 3000 1708 3032 germano
1724 2994 1756 3032 2,
1772 2993 1814 3025 A.
1833 2993 1869 3025 S.
1958 2990 2001 3034 h)
2021 2991 2155 3032 reliqid
2168 2991 2210 3032 A,

327 3035 758 3118 ιιξξίῗὲΐέιῖιῑίιῖἒάονοαιᾳε.
792 3045 880 3068 corr.
983 3036 1011 3077 i)
1047 3036 1217 3068 insolabli
1247 3038 1278 3068 1.
1383 3034 1423 3078 k)
1458 3036 1497 3067 in
1526 3035 1716 3067 nativitate
1756 3036 1791 3068 V.
1900 3034 1929 3077 1)
1969 3037 1983 3067 i
2014 3044 2148 3068 erasum
2179 3037 2211 3070 1.

331 3166 373 3220 1)
418 3166 756 3210 Muselenenses
797 3170 906 3209 sunt
947 3165 1206 3220 Mosellam,
1248 3166 1427 3211 accolae
1468 3166 1687 3210 Mosellae
1724 3166 1930 3219 fluminis
1970 3171 2011 3210 et
2039 3165 2214 3209 incolae

328 3223 659 3278 Lethen-rimiae
699 3223 958 3277 superioris,
997 3223 1127 3267 euius
1167 3224 1263 3267 dum
1304 3228 1438 3268 antea
1481 3223 1791 3277 dubitaverat;
1831 3225 1891 3278 cf.
1924 3235 2067 3278 supra
2112 3236 2146 3266 c.
2170 3222 2211 3265 3.

330 3279 374 3334 2)
419 3281 690 3325 Wernherus
721 3281 959 3335 episcopus
990 3281 1288 3325 1001—1029.
1424 3280 1469 3333 3)
1503 3280 1725 3325 Konrado
1750 3280 1923 3326 Gitonis
1946 3280 2212 3325 Cariathiae

331 3339 462 3382 clucis
492 3338 566 3389 (cle
595 3351 681 3394 quo
711 3351 752 3381 v.
780 3338 908 3391 infra
938 3351 974 3382 c.
999 3338 1075 3390 24)
1096 3338 1209 3393 filio,
1241 3339 1321 3393 qui
1350 3338 1628 3382 Herimanni
1647 3338 1798 3392 filiam
1821 3338 2133 3383 Mahthildam
2163 3337 2211 3380 in

330 3395 668 3439 matrimonium
706 3395 900 3439 daoeerat
935 3401 976 3440 et
1006 3401 1167 3451 postea
1203 3396 1299 3450 ipse
1337 3396 1431 3439 clam
1469 3394 1733 3439 Carinthiae
1761 3394 1863 3451 fuit
1901 3395 2209 3444 1004--10123

331 3452 389 3504 cf.
425 3453 538 3507 VII,
572 3455 649 3503 22,
693 3451 892 3496 ‘Jahrb’
924 3453 967 3506 I,
999 3453 1083 3497 217
1113 3459 1153 3498 et
1182 3453 1281 3497 246.
1416 3452 1460 3506 4)
1504 3453 1784 3497 Reichenau.
1920 3453 1967 3508 5)
2009 3451 2142 3497 Petri
2171 3456 2213 3495 et

331 3509 484 3552 Pauli.
612 3511 655 3562 6)
696 3511 975 3555 Lantbertus
1004 3511 1240 3566 episcopus
1272 3510 1623 3555 Constantiensis
1652 3510 1924 3555 995—1018.
2041 3510 2084 3563 7)
2125 3507 2215 3560 Qui

333 3567 447 3610 sedit
474 3568 768 3611 1002—1026.
885 3566 929 3621 8)
960 3569 1002 3611 Ι.
1028 3581 1059 3612 e.
1082 3573 1267 3625 propter
1291 3568 1484 3613 civitatis
1506 3581 1618 3612 suae
1640 3568 1928 3614 vicinitatem.
1969 3570 2023 3611 L.

2235 344 2356 385 *p.·2

2238 2775 2257 2795 *
2269 2777 2340 2817 sol.
2357 2778 2433 2830 88.«“Ἰ
