2456 4036
383 255 467 298 226
789 249 1127 295 THIETMARI
1160 247 1374 294 CHRON.
1434 248 1547 292 LIB.
1578 248 1693 293 VIII
1726 249 1862 304 (VII).

231 391 356 435 1017.
387 381 526 432 hanc
575 381 714 432 enim
760 384 888 431 tunc
933 376 1156 428 multum
1203 375 1488 428 excoluit*.
1570 376 1641 428 Et
1689 377 1818 444 quia
1862 382 1987 430 tunc
2033 377 2259 446 quadra·

203 469 309 501 mart.
326 468 359 500 5.
383 453 585 519 gesima
633 450 755 513 fuit,
814 465 950 516 quae
1001 446 1212 499 Christo
1264 446 1583 514 oportebant
1639 454 1692 500 et
1739 449 1918 501 seculo
1974 449 2030 501 in
2078 450 2259 502 multis

384 523 689 575 necessaria
726 526 896 582 erant,
937 518 1148 586 operari
1186 517 1407 572 studuit.

524 594 653 645 Post
683 592 812 643 haec
852 589 1136 642 Bertoldus
1175 588 1441 642 Liutharii
1479 587 1621 641 filius
1658 607 1778 642 cum
1809 591 1919 643 suis
1957 590 2258 645 fautoribus
2382 646 2385 651 ,

218 681 356 721 Apr.1.
382 665 567 717 urbem
606 660 895 714 Munnaml
933 660 1050 714 Kal.
1085 660 1282 729 Aprilis
1319 659 1583 713 conducto
1621 661 1841 715 custode
1879 661 2113 715 diluculo
2150 662 2257 715 *in-
2283 664 2385 706 “f‘’
2441 684 2445 728 ἢ

379 743 531 788 trans
605 730 950 805 [Baldricum]
1022 731 1327 799 Wigmanni
1395 731 1605 785 comitis
1668 732 1911 786 inclitum
1974 733 2258 787 satellitem
2302 707 2346 749 (f
2372 732 2387 795 ’ζ

381 825 501 859 cum
557 805 819 857 consociis
877 803 969 855 diu
1024 807 1404 871 repugnantem
1470 802 1664 856 occidit
1718 805 1989 873 victorque
2045 804 2256 859 insedit.

179 897 285 928 Mart.
303 896 357 927 31.
383 877 514 949 (39.)
574 875 753 928 Pridie
792 892 890 943 ego
929 874 999 928 ad
1038 874 1199 927 Misni
1235 873 1468 942 presidio
1506 873 1837 930 veniebam.

170 953 357 1027 hssrt·{1-
520 948 605 1003 54.
680 948 738 999 In
784 947 885 999 hac
931 945 1260 999 ebdomadea
1304 946 1572 1014 principes
1615 949 1788 999 nostri
1835 946 2015 1000 edictu
2059 948 2259 1001 cesaris

230 1003 283 1035 pr'
325 1020 331 1026 '
380 1020 448 1072 ad
473 1020 683 1072 Gosleri
712 1018 1052 1083 conveniunt,
1084 1015 1302 1089 ibi[que]
1333 1022 1461 1070 tunc
1492 1017 1737 1071 avinculo
1767 1019 1982 1071 meimet
2006 1018 2258 1087 Sigifrido

380 1092 665 1145 comitatus
717 1090 902 1143 fratris
956 1088 1230 1142 Heinrici2
1292 1088 1700 1142 commendatur
1766 1096 1818 1143 et
1876 1090 2152 1157 expedicio
2204 1093 2260 1143 in

380 1164 573 1216 nostris
624 1162 869 1232 partibus
933 1161 1214 1214 ordinatur
1272 1166 1592 1229 caeteraque
1649 1163 1858 1230 patriae
1908 1162 2259 1230 periclitantis

376 1234 616 1304 proficua
656 1240 708 1287 et
742 1233 1027 1287 admodum
1059 1233 1362 1286 necessaria
1390 1232 1748 1300 disputantur.
1823 1234 2106 1301 Inperator
2135 1234 2259 1287 inde

376 1324 692 1376 progressus
747 1307 844 1358 hoc
887 1306 1109 1369 malum,
1163 1303 1307 1373 quod
1352 1303 1582 1373 predixi,
1633 1305 1882 1373 primitus
1933 1306 2259 1374 comperiens

379 1379 444 1431 de
474 1378 659 1432 futura
688 1377 1099 1446 perturbacione
1130 1376 1390 1429 sollicitus
1415 1375 1532 1428 fuit.
1595 1375 1658 1428 In
1681 1376 1773 1428 illo
1796 1376 1998 1429 vernali
2021 1383 2258 1447 tempore

379 1456 432 1503 et
476 1452 530 1502 in
568 1449 870 1503 Bernhardi
915 1447 1240 1502 marchionis
1286 1452 1556 1516 potestate
1601 1448 1840 1502 nascitur
1886 1449 1998 1501 ovis
2045 1465 2166 1502 cum
2212 1449 2258 1500 V

378 1523 708 1576 cruribus**.
2384 1548 2393 1574 ;
2445 1547 2447 1562 ³

192 1613 352 1651 Apr.14.
521 1594 734 1647 Palmas
758 1611 852 1646 rex
882 1592 1117 1646 celebrat
1141 1590 1439 1663 [Magoncia
1462 1597 1514 1644 et
1536 1592 1592 1644 in
1616 1589 2027 1663 *Ingilnenem]b
2061 1593 2259 1661 pascha
2282 1605 2299 1624 *
2323 1616 2359 1646 p.
2391 1645 2393 1647 ,
2433 1579 2447 1644 f}

193 1684 280 1724 Apr.
299 1685 353 1715 21.
379 1671 433 1719 et-
470 1667 522 1718 in
563 1665 647 1718 his
683 1664 929 1734 partibus
966 1665 1138 1732 magis
1176 1663 1461 1716 honorifice
1500 1681 1563 1715 ac
1594 1664 1910 1733 potestative
1949 1661 2258 1735 [numquam
2380 1684 2382 1686 ·

376 1737 515 1810 fuit].
607 1738 678 1790 Et
726 1737 853 1805 quia
898 1735 964 1788 ob
1010 1742 1216 1789 tantam
1270 1735 1718 1803 sollempnitatem
1771 1737 2007 1788 maxima
2058 1735 2258 1789 ibidem

376 1810 548 1862 finiri⁰
593 1827 699 1861 non
747 1814 1018 1878 poterant,
1086 1807 1156 1860 ad
1202 1808 1542 1876 Aquasgrani
1593 1807 1810 1875 ponitur
1858 1813 2146 1860 conventus
2205 1813 2258 1860 et

376 1892 502 1935 tunc
555 1882 667 1933 illic
719 1897 836 1933 cum
892 1879 1112 1932 consilio
1167 1879 1439 1932 Heriberti
1489 1878 1867 1948 archipresulis
1919 1878 2256 1932 Thiedricum

378 1954 667 2006 Metensem
719 1953 1026 2022 episcopum
1087 1956 1141 2004 et
1190 1950 1503 2004 Heinricum
1555 1950 1777 2004 fratrem
1836 1951 1952 2003 eius
2009 1950 2255 2018 placavit.

379 2026 581 2094 Regina
611 2026 891 2077 autem***
922 2041 954 2075 a
977 2022 1405 2076 Froncanavordi
1440 2040 1473 2075 a
1503 2040 1686 2075 cesare
1717 2022 2010 2088 discedens,
2044 2039 2162 2076 cum
2186 2021 2257 2076 ad

376 2098 567 2162 locum,
600 2098 691 2166 qui
723 2095 1051 2165 Capungund
1081 2094 1291 2159 dicitur,
1333 2095 1552 2159 veniret,
1599 2093 1902 2148 infirmatur
1939 2099 1993 2148 et
2021 2093 2098 2147 ibi
2127 2100 2255 2147 tunc

378 2171 492 2222 Deo
507 2168 765 2237 promisit,
783 2186 838 2220 se
855 2167 924 2220 ad
940 2166 1153 2220 laudem
1171 2167 1285 2220 eius
1298 2184 1465 2220 unum
1480 2166 1749 2219 facturam
1762 2165 2191 2219 monasterium3·
2205 2173 2252 2229 †.
2394 2227 2397 2230 Α

520 2242 607 2296 55.
674 2239 806 2293 *Sed
851 2238 992 2308 quod
1037 2238 1178 2291 inter
1221 2239 1355 2291 haec
1399 2237 1619 2303 accidit,
1674 2237 1778 2291 hiis
1823 2237 2066 2291 adnectie
2109 2237 2254 2291 haud
2279 2248 2297 2265 *
2321 2258 2388 2282 ma

376 2314 728 2381 incongruum
767 2316 863 2364 est.
946 2311 1081 2380 (40.)
1141 2310 1202 2362 In
1239 2309 1370 2388 urbe
1409 2310 1918 2376 parthenopolitana
1955 2309 2093 2362 duae
2132 2326 2254 2363 con-

375 2402 586 2438 sorores
617 2384 781 2448 suere,
822 2399 1050 2452 quarum
1080 2383 1227 2449 prior
1258 2381 1466 2435 Alwred
1497 2386 1551 2435 et
1578 2382 1754 2435 iunior
1784 2380 2083 2449 Irmingerd
2114 2381 2254 2434 dice-

374 2456 549 2510 batur.
629 2455 830 2509 Ambae
868 2453 1153 2508 admodum
1191 2453 1506 2506 *laudabilis
1536 2454 1695 2518 vitae,
1735 2471 1840 2505 non
1878 2471 1999 2505 cum
2029 2453 2254 2506 caeteris
2278 2466 2391 2514 *sou

372 2527 871 2582 sanctimonialibus
917 2525 1302 2591 conversando,
1350 2525 1443 2578 sed
1488 2525 1834 2593 singulariter
1877 2526 1933 2576 in
1977 2524 2255 2588 aecclesia,
2390 2541 2391 2546 ¹

372 2618 514 2669 quae
558 2599 810 2653 Rotunda
855 2598 1154 2659 dicebatur,
1210 2597 1425 2650 Christo
1472 2598 1691 2665 eiusque
1736 2596 1963 2649 dilectae
2010 2596 2255 2665 genitrici

371 2672 618 2725 sedulum
671 2671 995 2724 exhibebant
1047 2669 1378 2738 obsequium.
1466 2669 1649 2722 Iunior
1697 2674 1879 2722 autem
1931 2669 2253 2722 exteriorum

372 2745 554 2797 lumen
579 2744 850 2796 oculorum
874 2741 1100 2812 perdens
1118 2742 1363 2794 interiori
1386 2741 1501 2811 acie
1526 2746 1707 2793 eterno
1727 2740 1926 2793 fruitur
1949 2738 2258 2808 splendores

470 2874 516 2927 ²1²)
551 2887 683 2930 quam
715 2875 762 2917 et
791 2872 1075 2916 edificaverat
1107 2872 1212 2916 add.
1240 2872 1292 2916 V.
2383 2868 2385 2870 ’

441 2930 516 2986 ²1<²1²)
548 2933 716 2976 Erasz's
746 2931 915 2987 paucis
951 2931 1110 2984 verbis,
1147 2942 1263 2985 quae
1289 2929 1328 2972 Τ
1359 2929 1476 2973 inter
1513 2927 1658 2972 lineas
1695 2932 1735 2972 et
1771 2927 1821 2970 in
1859 2927 2015 2971 dextro
2051 2927 2254 2983 margine
2437 2921 2440 2997 J

544 2990 813 3042 inseruerat,
847 2988 902 3031 N
932 2989 981 3031 in
1011 3001 1153 3041 mam.
1183 2984 1267 3041 inf.
1298 2986 1504 3042 scripsit:
1553 2983 1606 3028 In
1643 2998 1793 3028 mense
1822 2982 1972 3039 Aprili
2009 2985 2055 3027 et
2085 2983 2163 3028 VI.
2185 2983 2253 3027 Id.
2378 2998 2379 3002 ¹
2436 3000 2439 3078 1

546 3045 743 3090 eiusdem
783 3058 882 3089 cum
923 3045 1015 3088 iam
1055 3043 1362 3099 plenalunium
1405 3044 1533 3091 esset,
1575 3042 1682 3086 luna
1713 3055 1738 3086 a
1779 3041 1934 3085 multis
1964 3041 2059 3084 visa
2099 3043 2167 3085 est
2203 3044 2255 3085 ut
2376 3065 2378 3068 v
2436 3079 2439 3090 ,

545 3113 702 3153 novas,
733 3103 842 3147 hora
872 3101 962 3146 diei
991 3101 1132 3145 tercia
1163 3101 1238 3144 diu
1269 3100 1474 3144 rutilans.
2378 3100 2380 3102 ’
2435 3091 2439 3172 f

410 3161 516 3212 *Μὴ
550 3160 813 3217 cvnigundis
844 3161 949 3204 add.
987 3159 1036 3203 V.
2380 3159 2383 3194 ἰ
2435 3174 2440 3243 I

468 3219 510 3272 †)
544 3218 874 3269 canonicarum,
928 3216 1042 3274 quod
1087 3215 1365 3271 postmodum
1411 3213 1599 3270 perfecit
1643 3218 1690 3258 et
1733 3214 1914 3257 vocatur
1957 3211 2252 3268 confugiensis
2377 3230 2380 3235 ⁴

546 3276 706 3320 eclesia
738 3276 844 3321 add.
878 3275 927 3319 V.

376 3389 411 3431 a)
435 3390 586 3422 ebdomo
603 3399 690 3421 corr.
709 3390 860 3421 ebdoma
876 3390 907 3422 1.
1010 3388 1046 3427 b)
1070 3395 1105 3417 m
1123 3389 1158 3418 et
1173 3387 1211 3417 in
1227 3387 1250 3416 i.
1277 3385 1362 3418 add.
1384 3385 1421 3416 T.
1448 3386 1485 3417 in
1507 3387 1582 3417 loco
1604 3393 1695 3416 raso.
1784 3382 1819 3424 0)
1842 3382 1947 3415 finire
1962 3385 2006 3415 B.
2095 3382 2133 3424 d)
2153 3383 2254 3423 prius

374 3433 507 3507 chczlel}
528 3434 567 3507 TA
596 3477 620 3508 S
679 3434 713 3473 e)
750 3437 786 3464 et
815 3431 912 3463 necti
938 3431 974 3462 0.
1085 3429 1115 3470 f)
1152 3427 1343 3468 spelndore
1369 3428 1410 3468 O,
1442 3437 1530 3460 corr.
1555 3428 1594 3460 Τ.
1704 3426 1740 3468 g)
1778 3427 1919 3458 scilicet
1949 3435 2030 3458 cum
2060 3429 2117 3458 est
2138 3426 2254 3466 prIma

377 3563 420 3613 1)
462 3563 738 3616 Monrebm·9
770 3574 912 3615 prope
943 3559 1107 3604 Calear
1142 3559 1260 3604 inter
1292 3557 1420 3603 Oleve
1456 3563 1497 3603 et
1531 3559 1713 3602 Xanten
1745 3557 1904 3611 πέμπῃ
1950 3554 2148 3601 ‘Jahrb’
2179 3556 2252 3609 Il,

376 3620 616 3670 :ileo—351,
649 3620 746 3669 III,
779 3620 848 3662 53.
966 3616 1008 3669 2)
1054 3617 1100 3661 V.
1133 3630 1277 3671 supra
1310 3630 1345 3661 c.
1368 3617 1439 3660 46.
1555 3614 1599 3668 3)
1633 3613 1759 3669 Conf.
1789 3614 1882 3668 IX,
1915 3614 1982 3658 18.
