2456 4036
0 1825 41 1858 bl.
58 1823 133 1855 120.

666 268 1001 313 THIETMARI
1031 269 1249 315 CHRON.
1307 271 1422 315 LIB.
1453 271 1530 315 VI.
1951 275 2033 319 163

158 401 226 461 et,
263 412 330 447 ne
366 395 521 446 solito
559 399 1030 460 commoverentur,
1077 397 1265 449 sedare
1306 398 1588 465 temptavit
1602 397 1637 452 ¹.
1721 399 1866 462 Quos
1903 416 2034 450 non·
2067 410 2191 453 1009.

157 466 291 518 nulli
336 465 663 517 iniusticiam
709 464 1046 518 dominorum
1093 484 1307 520 suorum
1353 468 1470 535 pati
1514 468 1755 520 nolentes
1794 467 2034 532 laudant,

157 553 255 589 nos
293 541 472 587 autem
509 535 662 602 quasi
693 536 906 601 ignavos
937 542 1154 589 econtra
1186 538 1505 606 vituperant.
1575 538 1741 591 Sunt⁸
1775 539 2033 607 plerique,

158 607 252 675 qui
299 605 535 674 corporis
580 604 942 673 voluptatibus
988 608 1193 660 cunctis
1245 609 1534 662 servientes
1581 609 1732 662 freno
1777 610 2034 677 equitatis

156 694 191 729 a
228 677 341 729 Deo
377 675 640 744 inpositae
675 675 788 742 regi
827 676 1131 728 nullatenus
1171 684 1375 742 curant,
1421 679 1511 731 sed
1552 679 1666 744 hoc,
1705 680 1902 733 virtute
1942 697 2036 732 seu

155 746 273 800 fieri
308 747 451 799 valet
487 751 618 810 arte,
665 745 731 798 de
775 745 957 797 futuro
1003 747 1078 799 nil
1123 749 1371 801 sollicitib
1416 749 1710 803 defendunt
1755 756 1808 803 et
1852 767 2034 802 omnes

155 818 212 871 in
248 818 349 870 hoc
387 816 489 869 sibi
525 833 630 868 non
669 816 1059 870 consentientes
1096 818 1429 872 detractione
1468 826 1521 872 et
1565 821 1687 873 odio
1734 820 2035 873 insaciabili

154 893 566 958 persequuntur.
627 886 729 939 Sed
757 904 851 953 ego
875 886 978 939 hiis
1002 905 1173 956 neque
1199 891 1392 942 suimet
1415 890 1715 944 fautoribus
1739 892 2034 956 consenti03

157 960 285 1027 quin
322 959 497 1027 potius
531 957 653 1021 illis,
693 958 786 1025 qui
815 958 929 1010 Deo
963 975 1018 1011 se
1049 960 1510 1028 potestatibusque
1541 962 1609 1014 ab
1641 980 1701 1015 eo
1733 963 2035 1014 constitutis

155 1029 444 1082 humiliant
495 1033 550 1080 et
601 1027 818 1092 cedunt,
887 1029 1114 1097 asspirO,
1187 1030 1380 1097 quibus
1430 1032 1642 1084 videtur
1693 1050 1808 1084 esse
1861 1033 2036 1085 sacius

157 1100 338 1153 omnia
380 1103 595 1168 propter
633 1099 806 1150 Deum
849 1101 988 1166 pati,
1036 1118 1198 1168 quam
1243 1101 1449 1169 litigioc
1495 1109 1548 1154 et
1593 1103 1882 1155 execrabili
1918 1120 2038 1169 per-

155 1171 295 1224 iurio
347 1170 580 1222 divinam
632 1170 971 1222 maiestatem
1022 1170 1307 1224 offendere.
1400 1171 1583 1225 Nostri
1632 1174 2038 1241 predecessores

157 1243 267 1294 suis
312 1240 610 1293 senioribus
655 1257 864 1308 semper
906 1239 1091 1293 fideles
1135 1243 1191 1293 in
1237 1247 1518 1295 extraneas
1555 1245 1799 1296 nationes
1838 1262 1901 1297 ac
1931 1261 2039 1295 non

154 1314 213 1365 in
258 1312 464 1365 viscera
513 1311 701 1380 optimi
746 1311 1018 1364 seviebant
1061 1313 1276 1366 milites.
1365 1313 1480 1366 Hoc
1529 1315 1818 1381 posteritas
1865 1315 2039 1367 discat

156 1388 210 1436 et
261 1383 370 1435 alia
420 1382 593 1450 fugiat
643 1388 716 1446 et,
769 1400 905 1449 quae
955 1383 1211 1435 mutanda
1260 1389 1406 1447 sunt,
1460 1402 1564 1437 non
1612 1385 1666 1436 in
1715 1386 1890 1452 peius,
1946 1385 2038 1437 sed

157 1471 366 1523 semper
395 1454 451 1506 in
483 1453 674 1505 melius
687 1453 998 1506 .transferre
1029 1454 1338 1519 contendat;
1378 1454 1768 1508 beatitudinem
1794 1461 2038 1508 octenam
2065 1471 2297 1505 omanus.

155 1524 386 1578 libenter
408 1524 652 1577 attendat
681 1541 971 1592 eorumque
996 1526 1241 1591 opposita
1266 1524 1473 1594 fugiens
1505 1544 1622 1578 eam
1641 1527 2040 1595 apprehendere

157 1594 390 1649 studeat.
465 1594 606 1658 Quid
643 1594 765 1647 illos
803 1594 1034 1661 amplius
1075 1597 1344 1664 corripere
1375 1598 1456 1649 vel
1492 1597 1590 1650 hos
1629 1598 1875 1650 attollere
1908 1599 2040 1661 v010,

157 1684 278 1719 cum
310 1666 676 1734 unusquisque
713 1683 810 1734 pro
849 1666 1109 1733 qualitate
1141 1668 1224 1719 sui
1258 1668 1475 1719 seminis
1512 1685 1609 1735 pro
1641 1674 1785 1721 certo
1815 1669 2043 1737 recipiat

156 1737 393 1790 fructum
423 1736 637 1788 futurae
667 1736 891 1788 messis?
957 1736 1089 1789 Cum
1119 1754 1216 1805 pro
1247 1738 1684 1806 corruptibilibus
1715 1739 2041 1807 accipiendis

158 1826 366 1876 semper
394 1807 718 1871 laboramuS,
759 1825 855 1859 cur
883 1823 991 1859 non
1023 1807 1092 1859 ad
1123 1808 1476 1861 indeficientis
1509 1827 1759 1862 coronam
1792 1810 2040 1862 *honoris

156 1878 368 1932 sublato
393 1879 582 1930 timore
605 1877 1000 1945 aliquantulum
1023 1880 1404 1946 properamus?
1458 1879 1611 1932 Hanc
1634 1880 1703 1932 ad
1728 1880 2041 1948 capiendam

156 1967 252 2003 rex
295 1953 498 2012 noster,
548 1952 610 2001 ut
653 1949 885 2016 predixi,
935 1950 990 2001 in
1035 1950 1319 2001 itineribus
1365 1954 1419 2002 et
1461 1951 1582 2003 aliis
1631 1951 2041 2003 necessitatibus

158 2021 388 2073 maxime
443 2019 695 2072 laborans
740 2020 942 2072 amicos
994 2019 1122 2072 fecit
1167 2020 1269 2072 sibi
1321 2021 1588 2086 inimicos,
1642 2022 1782 2073 iuste
1829 2022 2042 2074 eosdem

157 2108 367 2145 exosus,

300 2164 384 2216 49.
420 2161 553 2231 (33.)
599 2161 822 2213 Interim
845 2160 1017 2213 Daedi
1047 2178 1220 2213 comes
1251 2178 1503 2228 magnum
1535 2162 1765 2215 dedecus
1789 2163 1846 2214 in
1867 2163 2042 2215 verbis

158 2238 212 2287 et
248 2233 304 2285 in
347 2232 599 2300 operibus
637 2231 878 2299 predicto
907 2232 1091 2300 nepoti
1122 2248 1241 2284 meo
1273 2233 1507 2285 inferens
1546 2234 1797 2286 excitavit
1825 2235 2039 2297 malum,

158 2304 303 2373 quod
345 2303 461 2355 fore
506 2303 714 2370 putavit
758 2302 983 2354 oblitum
998 2301 1035 2357 2.
1121 2303 1356 2356 Consilio
1403 2305 1543 2356 enim
1589 2305 1704 2357 eius
1751 2311 1806 2357 et
1842 2306 2041 2357 auxilio

159 2375 287 2428 urbs
331 2374 503 2443 patris
557 2375 672 2426 eius
726 2379 781 2425 et
824 2379 1012 2425 nostra
1050 2374 1475 2440 Walmerstidi3,
1531 2375 1808 2428 Slavonice
1861 2380 2042 2428 autem

158 2444 431 2508 Ustiure4,
469 2462 530 2497 eo
561 2444 704 2512 quod
734 2445 877 2496 Ara-‘³
908 2448 963 2497 et
992 2444 1143 2497 Albis
1170 2444 1317 2498 fluvii
1346 2445 1434 2498 hic
1463 2448 1797 2511 conveniunt,
1835 2454 2040 2512 vocata,

163 2516 443 2571 combusta
480 2521 562 2569 est
598 2520 651 2568 et
687 2515 1026 2583 depopulata.

304 2588 601 2640 Commovit
644 2586 746 2638 hoc
790 2603 944 2638 omne
992 2586 1290 2638 animosum
1338 2587 1542 2640 iuvenis
1593 2588 1792 2655 egregii
1840 2593 2027 2656 pectus
2047 2589 2305 2630 ‘serg-Gema<

161 2664 215 2713 et
245 2676 365 2711 cum
396 2658 604 2710 hostem
636 2656 700 2709 de
732 2657 946 2710 civitate
977 2657 1428 2724 Tongeremuthi5
1458 2659 1618 2723 dicta,
1651 2660 1778 2727 quia
1801 2630 2044 2726 Tongera
2114 2633 2188 2673 ω’
2207 2635 2262 2666 81·

159 2729 351 2782 fluvius
382 2728 580 2780 ibidem
618 2729 674 2780 in
704 2727 916 2780 Albiam
949 2728 1108 2792 cadit,
1148 2731 1392 2796 equitare
1421 2731 1682 2782 veraciter
1711 2731 2041 2798 comperiret,

161 2801 384 2854 fratrem
415 2817 590 2852 meum
620 2800 661 2851 F
663 2799 977 2851 rithericum
1008 2817 1130 2851 cum
1157 2799 1257 2851 XX
1286 2805 1498 2853 tantum
1528 2801 1789 2853 militibus
1820 2802 2043 2853 armatis

163 2890 340 2925 secum
380 2887 591 2924 sumens
630 2887 662 2922 a
701 2870 1042 2923 summitated
1082 2871 1239 2922 unius
1279 2871 1452 2939 campi
1483 2871 1553 2923 ad
1583 2871 1795 2924 Mosum
1824 2870 2043 2923 villam7

160 2942 527 3012 pertingentis,
582 2959 689 3009 qua
727 2942 932 2993 eminus
971 2941 1198 3009 asspici0
1235 2943 1425 3009 potuit,
1471 2941 1696 2995 viriliter
1733 2941 2043 3010 aggreditur
2067 2956 2218 2997 (1u1.9).

164 3019 218 3067 et
254 3013 478 3066 eundem
525 3011 855 3079 fugientibus
892 3028 1015 3064 mox
1044 3012 1166 3080 plus
1205 3029 1366 3079 quam
1403 3012 1604 3064 XXXX
1636 3013 1796 3065 sociis
1834 3012 2045 3064 fortiter

163 3127 198 3168 a)
230 3127 301 3160 Sed
323 3137 413 3159 corr.
438 3126 532 3159 Sunt
553 3128 585 3158 1,
693 3125 732 3164 b)
763 3125 903 3157 sollititi
928 3127 958 3156 1.
1077 3125 1109 3166 c)
1140 3134 1230 3166 quas
1255 3126 1392 3165 ligitios
1416 3127 1458 3166 B,
1489 3125 1553 3157 sed
1574 3128 1759 3166 utrumque
1782 3134 1800 3157 s
1824 3134 1959 3157 erasum
1982 3127 2042 3157 est.

163 3169 200 3211 d)
221 3170 473 3202 assummitate
495 3170 540 3201 B.
629 3168 663 3209 e)
682 3169 787 3208 prius
810 3178 827 3200 s
851 3177 986 3200 erasum
1008 3170 1040 3200 1.

165 3257 208 3308 1)
250 3256 339 3299 Iul.
371 3257 397 3299 2
440 3255 598 3299 charta
639 3259 744 3298 teste
782 3253 995 3308 (Stumpf
1031 3254 1163 3306 1537)
1201 3255 1291 3298 iam
1335 3254 1385 3297 in
1420 3254 1598 3308 palatio
1638 3254 1885 3307 Inyelheim
1917 3252 2040 3307 fuit;

165 3311 362 3356 ‘Jahrb.'
394 3313 465 3365 II,
497 3311 737 3355 280—284.
853 3312 898 3363 2)
935 3312 977 3353 I.
1008 3324 1043 3354 e.
1074 3311 1201 3354 novis
1228 3311 1321 3354 illis
1349 3311 1537 3354 iniuriis
1566 3310 1725 3354 Daedi
1763 3310 2043 3353 Wirinhario

164 3370 213 3413 in
235 3369 493 3412 memoriam
515 3369 740 3412 revocavit
760 3372 944 3411 veterem
970 3368 1200 3422 quandam
1222 3368 1314 3411 iam
1336 3368 1465 3421 patri
1483 3367 1581 3410 eius
1604 3367 1846 3410 Liuthario
1868 3367 2044 3411 illatam

166 3430 208 3469 et
221 3438 367 3480 paene
389 3425 606 3468 oblivione
628 3425 859 3477 obrutam3
890 3425 1010 3467 unde
1034 3430 1227 3477 apparet
1247 3424 1402 3467 urbem
1426 3423 1724 3469 Wolmirstedt
1740 3435 1832 3466 non
1850 3437 1893 3466 a.
1918 3424 2043 3474 1009,

165 3483 246 3526 sed
277 3487 381 3525 ante
410 3495 451 3525 a.
484 3482 609 3533 1003,
639 3493 725 3536 quo
755 3481 1032 3524 Liutham'us
1060 3481 1181 3534 obiit,
1214 3481 1402 3524 deletam
1432 3493 1537 3524 esse.
1656 3481 1699 3531 3)
1726 3479 2044 3523 Wolmirstedt.

165 3537 210 3591 4)
257 3538 370 3582 Usta
404 3538 555 3592 polon.
598 3542 639 3581 et
677 3538 774 3580 boh.
815 3554 873 3572 =
911 3538 1088 3582 ostium.
1238 3537 1281 3590 5)
1330 3536 1457 3581 Ohre.
1596 3536 1638 3589 6)
1688 3536 2044 3591 Tanyermiznde.

167 3594 211 3648 7)
244 3596 375 3639 Mose
406 3593 655 3638 dominium
679 3607 821 3648 prope
864 3594 1162 3639 Wolmirstedt
1191 3594 1339 3638 situm.

1703 3677 1788 3722 11*
