2456 4036
363 205 447 249 128
890 204 1225 249 THIETMARI
1256 202 1474 248 CHRON.
1533 204 1648 248 LIB.
1678 205 1731 249 V.

204 338 329 384 1003.
361 332 627 403 precedite
680 336 733 383 et
779 347 876 382 nos
922 347 1042 381 cum
1093 328 1312 381 familiis
1365 334 1418 381 et
1469 329 1898 395 possessionibus
1949 330 2242 386 *universis
2266 350 2374 391 *sot*

361 405 771 459 subsecuturosa
829 416 936 452 non
995 398 1268 454 dubitate.’
1372 399 1524 452 Talia
1575 404 1790 453 orantes
1850 418 1954 454 non
2015 403 2245 471 amplius

359 475 624 530 vexabant
685 473 862 525 hostes
923 475 976 523 et
1027 470 1224 522 seniori
1277 486 1372 523 suo
1423 469 1546 523 hosb
1606 471 1895 524 adventare
1946 489 2044 542 pro
2097 478 2245 527 certo

359 544 706 599 nunciabant.
789 541 891 594 Sed
930 558 1052 593 cum
1089 541 1476 594 commilitones
1514 541 1585 595 ad
1622 542 1927 597 condictum
1964 561 2083 598 sero
2122 561 2246 598 con-

357 617 523 671 fluere
575 615 751 666 locum
805 612 1037 680 hosquec
1083 611 1227 664 domi
1279 612 1464 666 sedere
1523 613 1632 667 dux
1693 619 1956 680 cerneret,
2019 616 2274 682 multum⁴

360 688 612 742 irascitur
664 689 718 736 et
770 682 1117 736 mendacibus
1175 684 1332 737 sociis
1382 685 1613 753 poenas‘1
1676 686 1931 740 minatur.
2023 687 2248 741 Postera

359 761 492 822 luce,
524 763 643 808 orto
676 757 780 808 iam
814 755 939 819 sole,
973 754 1138 822 preda
1163 756 1572 809 innumerabilis
1607 758 1937 824 premittitur
1967 764 2021 810 et
2053 775 2249 825 magna

359 847 483 899 pars
535 827 771 879 hostium
823 826 945 879 Albi
996 827 1331 894 inmergitur.
1428 826 1642 881 Caeteri
1692 827 1911 891 domum
1962 829 2248 884 redeuntes

361 900 515 954 inlesi
560 897 806 951 dividunt
848 897 1095 966 predam,
1149 898 1249 951 deo
1288 902 1371 951 ete
1417 899 1618 952 seniori
1656 917 1750 954 suo
1801 900 2030 969 optimaf
2087 919 2248 971 quae-

361 989 463 1041 que
501 970 856 1038 assignantes,
933 968 1054 1022 Non
1091 968 1194 1022 fuit
1235 971 1410 1023 minor
1440 971 1771 1040 captivorum
1801 989 2056 1026 numerus
2087 990 2248 1042 quam

359 1045 467 1096 tria
505 1043 656 1094 milia
694 1047 761 1105 et,
802 1045 863 1094 ut
900 1048 1178 1108 presentes
1217 1040 1578 1106 affirmabant,
1617 1043 1784 1096 multo
1823 1043 2068 1112 amplius,

504 1116 589 1169 38.
623 1112 758 1184 (23.)
804 1112 1092 1166 Heinricus
1126 1111 1290 1185 [vero]
1318 1123 1527 1166 comes&
1552 1112 1628 1186 [se
1657 1114 1765 1167 iam
1791 1114 2086 1169 defecisseh
2113 1115 2249 1189 a]ni—

360 1186 697 1239 madvertens
757 1183 828 1237 ad
881 1184 1069 1238 urbem
1125 1185 1302 1238 Crana
1353 1185 1588 1238 dictaml
1632 1192 1885 1256 properat
1943 1186 2124 1257 ibique
2170 1187 2249 1242 Si-

360 1257 578 1322 fridum,
625 1255 795 1309 filium
833 1257 1047 1309 comitis
1087 1255 1368 1324 Sigifridi2
1405 1258 1663 1322 iuvenem,
1709 1258 1912 1311 auxilio
1960 1276 2016 1312 se
2061 1277 2249 1329 expec-

361 1335 569 1382 tantem
638 1328 833 1381 collato
892 1328 1164 1382 inveniens
1225 1345 1324 1381 nec
1383 1327 1488 1381 sibi
1553 1347 1725 1398 neque
1782 1330 1909 1383 huic
1967 1330 2135 1384 ullam
2193 1332 2247 1384 in

360 1401 649 1454 rebellione
689 1417 836 1468 spem
874 1400 930 1452 in
967 1399 1051 1452 his
1089 1399 1333 1467 partibus
1369 1401 1632 1470 promisit.
1723 1401 1963 1455 Tandem
2004 1420 2127 1456 cum
2164 1403 2251 1457 eoi

362 1473 535 1526 multa
572 1473 783 1525 locutus
827 1471 1053 1524 eandem
1097 1470 1337 1524 incendit
1390 1489 1553 1540 seque
1597 1471 1668 1524 ad
1705 1473 1954 1527 Boemiae
1998 1478 2127 1528 tunc
2170 1474 2250 1528 in-

362 1562 603 1598 vasorem
641 1542 969 1597 Bolizlavum
1009 1561 1131 1596 cum
1169 1542 1363 1596 domno
1402 1543 1651 1597 Brunone
1691 1544 2029 1614 residuisque
2073 1545 2250 1600 fauto-

361 1616 512 1670 ribus
544 1615 854 1671 concessitk.
918 1614 1148 1668 Sifridus
1173 1633 1295 1669 vero
1334 1632 1427 1682 spe
1457 1615 1637 1683 palam
1673 1616 1958 1670 resistendi
1988 1617 2252 1672 frustrata

359 1694 468 1742 no'n
521 1705 613 1741 eos
665 1687 976 1752 comitatur,
1039 1691 1121 1740 set
1179 1686 1243 1740 de
1305 1686 1488 1740 sutura
1549 1689 1816 1742 commissi
1877 1688 2251 1743 emendatione

360 1766 541 1814 certus
585 1759 889 1813 revertitur.
974 1759 1089 1811 Rex
1133 1764 1313 1825 autem
1350 1759 1416 1812 ad
1461 1759 1690 1813 Cranam
1730 1759 1938 1813 hostem
1978 1762 2252 1817 insecutus
2367 1799 2373 1813 .,
2430 1806 2432 1810 ,

362 1832 683 1899 fugientem,
726 1830 914 1883 lenivit
952 1831 1008 1883 in
1045 1830 1146 1884 1100
1184 1831 1378 1884 suimet
1414 1831 1675 1896 animum,
1722 1831 1867 1900 quod
1911 1831 2152 1900 ag*novit
2195 1849 2252 1886 se
2275 1845 2347 1887 *s

363 1904 636 1956 inimicum
667 1903 723 1956 in
752 1901 1096 1955 destruendis
1127 1920 1530 1972 preoccupasse.
1597 1902 1746 1956 Misit
1771 1908 1899 1956 tunc
1923 1903 2251 1970 Heinricum,

362 1974 863 2044 Wirciburgiensisl
929 1975 1261 2043 episcopum,
1343 1979 1396 2028 et
1462 1973 1895 2036 Erkanbaldum,
1971 1975 2251 2031 Fuldensis

363 2046 606 2101 coenobii
643 2043 956 2110 abbatem3,
1005 2051 1064 2099 ut
1103 2045 1388 2100 Suinvordi
1427 2045 1745 2100 castellum4
1789 2046 2136 2101 incenderent
2170 2054 2252 2102 at-

361 2137 466 2188 que
520 2119 812 2172 diruerent.
905 2117 1050 2182 Quos
1101 2118 1455 2172 adventantes
1507 2117 1748 2171 Heinrici
1801 2119 2011 2172 comitis
2064 2119 2252 2173 inclita

363 2196 551 2257 mater,
592 2190 715 2243 Eila
752 2191 964 2243 nomine
978 2189 1014 2254 ⁵,
1054 2195 1116 2242 ut
1151 2189 1353 2243 talibus
1390 2188 1616 2243 decebat
1654 2191 1912 2259 personis,
1957 2192 2252 2261 suscipiens

364 2267 419 2316 et
456 2263 719 2327 salutans,
771 2267 830 2314 ut
865 2266 1119 2330 precepta
1155 2262 1420 2316 intellexit
1463 2262 1688 2330 regalia,
1738 2261 2086 2329 perturbatur
2131 2280 2253 2320 cone

363 2335 579 2403 citoque
632 2350 795 2387 cursu
846 2333 917 2386 ad
968 2333 1254 2387 aeclesiam
1313 2350 1607 2403 properans
1666 2333 1865 2387 ibidem
1928 2335 2069 2403 ignis
2129 2351 2254 2389 con·

363 2407 746 2460 cremationem
805 2407 956 2474 prius
1017 2406 1305 2470 sustinere,
1367 2422 1527 2474 quam
1587 2405 1689 2459 hac
1741 2405 2084 2460 comburente
2133 2407 2254 2460 viva

364 2479 524 2532 vellet
575 2478 743 2542 exire,
812 2482 1057 2532 testatur.
1166 2477 1319 2531 Unde
1371 2477 1607 2531 seniores
1670 2477 1871 2545 prefati
1931 2477 1999 2544 ob
2052 2477 2255 2533 Christi

365 2559 646 2604 amoremff1
685 2549 954 2602 seculares
991 2548 1358 2618 postponendo
1399 2549 1620 2602 timores
1658 2548 1930 2602 decretam
1973 2549 2256 2605 mutabant

367 2623 708 2685 sententiam3
747 2638 1036 2689 murosque
1075 2621 1224 2674 urbis
1263 2637 1327 2674 ac
1360 2619 1600 2674 aedifitia
1642 2621 1913 2674 solotenus
1950 2621 2254 2690 frangentes

364 2695 576 2747 tristem
613 2698 914 2746 matronam
953 2692 1036 2745 his
1082 2692 1390 2746 mulcebant
1433 2692 1735 2760 promissiS,
1782 2693 1830 2746 si
1874 2693 2089 2762 quando
2134 2711 2253 2747 cum
2364 2730 2366 2751 ;
2423 2756 2426 2765 ,

367 2765 541 2835 gratia
578 2765 720 2833 regis
758 2763 814 2817 id
853 2763 970 2818 fieri
1014 2766 1300 2834 potuisset,
1354 2764 1450 2817 hoc
1495 2763 1696 2817 *totum
1750 2782 1815 2817 ex
1859 2782 1969 2825 sua¹
1999 2770 2155 2835 parte
2200 2782 2256 2828 se
2279 2778 2356 2820 *p-
2422 2773 2425 2777 “

366 2843 733 2891 renovaturos
2105 2861 2108 2864 ·
2376 2851 2377 2854 ¹

509 2909 623 2962 Rex
661 2914 840 2961 autem
881 2907 1163 2961 devastata
1201 2908 1348 2962 omni
1385 2907 1593 2960 comitis
1636 2907 2001 2977 proprietate¹²
2045 2913 2099 2962 et
2134 2924 2256 2961 cum

366 2980 624 3035 beneficio
669 2980 777 3033 late
823 2979 993 3033 divisa
1038 2979 1108 3034 ad
1145 2979 1455 3048 Bavanberg
1483 2979 1627 3032 venit
1662 2979 1843 3048 ibique
1881 2979 2123 3033 exercitu
2159 2997 2255 3033 suo

188 3065 292 3106 Sept·
309 3067 340 3098 8-
368 3053 511 3106 bona
555 3070 675 3106 cum
721 3069 852 3121 pace
890 3051 1111 3105 dimisso
1166 3052 1501 3104 nativitatem
1540 3050 1642 3104 Dei
1679 3051 1955 3119 genitricis
2007 3050 2256 3119 sollemp-

374 3181 410 3224 a)
436 3182 715 3222 subsequituros
730 3181 774 3213 A.
862 3180 904 3222 b)
927 3180 996 3212 has
1012 3181 1055 3213 A.
1153 3181 1187 3221 c)
1211 3181 1352 3221 hasque
1369 3182 1401 3213 1.
1496 3179 1533 3220 d)
1554 3189 1574 3211 o
1591 3189 1613 3211 a
1631 3181 1663 3212 T
1681 3179 1840 3213 additum
1857 3183 1979 3221 postea
1999 3189 2135 3212 erasum
2152 3181 2201 3211 est
2222 3182 2253 3212 1.

372 3227 404 3265 0)
427 3225 493 3258 deo
517 3229 552 3257 et
576 3234 715 3257 erasum
738 3226 770 3256 1.
858 3223 890 3265 f)
912 3224 1045 3264 optimo
1069 3225 1202 3264 optimo
1225 3224 1270 3256 A.
1364 3222 1402 3262 g)
1425 3223 1503 3255 con—1
1526 3224 1560 3255 1.
1654 3223 1694 3264 h)
1719 3232 1759 3255 se
1781 3224 1853 3256 iam
1876 3223 2057 3256 defecisse
2078 3231 2101 3255 a
2123 3225 2162 3256 in
2184 3224 2257 3256 loco

370 3278 449 3300 raso
474 3269 512 3300 T.
594 3266 639 3309 ·i)
663 3276 706 3299 ea
727 3268 772 3299 A.
867 3266 907 3308 k)
939 3267 1097 3300 occessit
1120 3270 1150 3301 1.
1246 3267 1275 3308 l)
1304 3268 1440 3298 tertium
1462 3267 1475 3298 1
1498 3275 1633 3298 erasum
1657 3270 1695 3308 1,
1727 3270 1765 3299 ut
1781 3268 1986 3308 plerumque
2008 3268 2047 3299 in
2069 3266 2125 3298 his
2147 3266 2257 3299 nomi-

368 3312 489 3343 nibus.
577 3311 629 3351 m)
653 3319 774 3343 amore
796 3313 828 3343 1.
918 3310 957 3352 n)
980 3311 1179 3351 propietate
1204 3312 1236 3342 1.

374 3398 416 3452 1)
449 3398 674 3443 Kronach
703 3398 934 3454 oppidum.
1052 3396 1095 3451 2)
1129 3396 1499 3452 Nordhemensis,
1536 3401 1589 3441 ut
1617 3397 1809 3442 videtur.
1923 3396 1968 3450 3)
2002 3396 2106 3451 Qui,
2131 3400 2255 3451 post-

372 3469 508 3511 quam
540 3455 754 3500 abbatiae
791 3455 861 3499 illi
887 3469 929 3499 a.
961 3455 1228 3499 968--1011
1255 3454 1485 3509 praefuit,
1526 3453 1750 3511 Williqiso
1787 3455 1835 3498 in
1865 3454 2258 3510 archiepiscopatu

376 3514 647 3613 Melzgontino
678 3512 898 3558 successit
927 3510 973 3565 (†
997 3512 1141 3566 1021).
1235 3511 1279 3565 4)
1313 3511 1630 3566 Schweinfurt.
1725 3509 1770 3565 5)
1801 3513 1875 3556 De
1903 3525 1995 3568 qua
2026 3508 2082 3566 cf.
2115 3516 2258 3565 supra

376 3584 411 3613 C.
496 3603 505 3613 .
