<?xml version="1.0" encoding="UTF-8"?>
<!DOCTYPE html PUBLIC "-//W3C//DTD XHTML 1.0 Transitional//EN"
    "http://www.w3.org/TR/xhtml1/DTD/xhtml1-transitional.dtd">
<html xmlns="http://www.w3.org/1999/xhtml" xml:lang="en" lang="en">
 <head>
  <title>
</title>
<meta http-equiv="Content-Type" content="text/html;charset=utf-8" />
  <meta name='ocr-system' content='tesseract 3.04.00' />
  <meta name='ocr-capabilities' content='ocr_page ocr_carea ocr_par ocr_line ocrx_word'/>
</head>
<body>
  <div class='ocr_page' id='page_1' title='image "./thietmarimersebu00thieuoft_0068.png"; bbox 0 0 2456 4036; ppageno 0'>
   <div class='ocr_carea' id='block_1_1' title="bbox 199 495 337 578">
    <p class='ocr_par' dir='ltr' id='par_1_1' title="bbox 199 495 337 578">
     <span class='ocr_line' id='line_1_1' title="bbox 199 495 337 528; baseline 0 -2"><span class='ocrx_word' id='word_1_1' title='bbox 199 495 337 528; x_wconf 74' lang='lat' dir='ltr'>Psalm.</span> 
     </span>
     <span class='ocr_line' id='line_1_2' title="bbox 215 538 335 578; baseline 0 -8"><span class='ocrx_word' id='word_1_2' title='bbox 215 538 289 578; x_wconf 82' lang='lat'>115,</span> <span class='ocrx_word' id='word_1_3' title='bbox 304 542 335 570; x_wconf 89' lang='lat'>1.</span> 
     </span>
    </p>
   </div>
   <div class='ocr_carea' id='block_1_2' title="bbox 100 851 336 934">
    <p class='ocr_par' dir='ltr' id='par_1_2' title="bbox 100 851 336 934">
     <span class='ocr_line' id='line_1_3' title="bbox 100 851 336 890; baseline -0.008 -7"><span class='ocrx_word' id='word_1_4' title='bbox 100 852 192 883; x_wconf 87' lang='lat' dir='ltr'>Hor.</span> <span class='ocrx_word' id='word_1_5' title='bbox 210 851 268 882; x_wconf 88' lang='lat' dir='ltr'>od.</span> <span class='ocrx_word' id='word_1_6' title='bbox 285 851 336 890; x_wconf 85' lang='grc' dir='ltr'>ΙΙ,</span> 
     </span>
     <span class='ocr_line' id='line_1_4' title="bbox 165 894 270 934; baseline 0 -9"><span class='ocrx_word' id='word_1_7' title='bbox 165 896 217 934; x_wconf 88' lang='lat'>10,</span> <span class='ocrx_word' id='word_1_8' title='bbox 238 894 270 925; x_wconf 88' lang='grc'>5.</span> 
     </span>
    </p>
   </div>
   <div class='ocr_carea' id='block_1_3' title="bbox 158 2558 327 2598">
    <p class='ocr_par' dir='ltr' id='par_1_3' title="bbox 158 2558 327 2598">
     <span class='ocr_line' id='line_1_5' title="bbox 158 2558 327 2598; baseline 0 -8"><span class='ocrx_word' id='word_1_9' title='bbox 158 2558 254 2598; x_wconf 85' lang='lat' dir='ltr'>Aug.</span> <span class='ocrx_word' id='word_1_10' title='bbox 274 2559 327 2590; x_wconf 94' lang='grc'>10.</span> 
     </span>
    </p>
   </div>
   <div class='ocr_carea' id='block_1_4' title="bbox 363 232 1728 279">
    <p class='ocr_par' dir='ltr' id='par_1_4' title="bbox 363 232 1728 279">
     <span class='ocr_line' id='line_1_6' title="bbox 363 232 1728 279; baseline 0 0"><span class='ocrx_word' id='word_1_11' title='bbox 363 235 419 279; x_wconf 82' lang='grc'>46</span> <span class='ocrx_word' id='word_1_12' title='bbox 870 234 1207 278; x_wconf 83' lang='lat' dir='ltr'>THIETMARI</span> <span class='ocrx_word' id='word_1_13' title='bbox 1237 232 1455 278; x_wconf 83' lang='lat' dir='ltr'>CHRON.</span> <span class='ocrx_word' id='word_1_14' title='bbox 1515 233 1630 277; x_wconf 89' lang='lat' dir='ltr'><strong>LIB.</strong></span> <span class='ocrx_word' id='word_1_15' title='bbox 1661 234 1728 279; x_wconf 90' lang='grc' dir='ltr'>ΙΙ.</span> 
     </span>
    </p>
   </div>
   <div class='ocr_carea' id='block_1_5' title="bbox 356 359 2248 1139">
    <p class='ocr_par' dir='ltr' id='par_1_5' title="bbox 356 359 2248 1139">
     <span class='ocr_line' id='line_1_7' title="bbox 362 359 2245 428; baseline 0.002 -17"><span class='ocrx_word' id='word_1_16' title='bbox 362 359 535 412; x_wconf 87' lang='lat' dir='ltr'>factis.</span> <span class='ocrx_word' id='word_1_17' title='bbox 622 361 916 428; x_wconf 82' lang='lat' dir='ltr'>*Quicquid</span> <span class='ocrx_word' id='word_1_18' title='bbox 962 362 1100 412; x_wconf 88' lang='lat' dir='ltr'>enim</span> <span class='ocrx_word' id='word_1_19' title='bbox 1148 360 1365 411; x_wconf 91' lang='lat' dir='ltr'>honoris</span> <span class='ocrx_word' id='word_1_20' title='bbox 1411 359 1511 411; x_wconf 90' lang='lat' dir='ltr'>sibi</span> <span class='ocrx_word' id='word_1_21' title='bbox 1550 361 1631 412; x_wconf 90' lang='lat' dir='ltr'>vel</span> <span class='ocrx_word' id='word_1_22' title='bbox 1668 364 1949 426; x_wconf 88' lang='lat' dir='ltr'>provectus</span> <span class='ocrx_word' id='word_1_23' title='bbox 1989 362 2245 414; x_wconf 89' lang='lat' dir='ltr'>secularis</span> 
     </span>
     <span class='ocr_line' id='line_1_8' title="bbox 363 430 2247 498; baseline 0.002 -16"><span class='ocrx_word' id='word_1_24' title='bbox 363 449 617 498; x_wconf 90' lang='lat' dir='ltr'>umquam</span> <span class='ocrx_word' id='word_1_25' title='bbox 669 432 934 497; x_wconf 89' lang='lat' dir='ltr'>provenit,</span> <span class='ocrx_word' id='word_1_26' title='bbox 996 447 1101 481; x_wconf 91' lang='lat' dir='ltr'>non</span> <span class='ocrx_word' id='word_1_27' title='bbox 1154 430 1264 482; x_wconf 91' lang='lat' dir='ltr'>ullo</span> <span class='ocrx_word' id='word_1_28' title='bbox 1319 431 1514 483; x_wconf 87' lang='lat' dir='ltr'>suimet</span> <span class='ocrx_word' id='word_1_29' title='bbox 1563 432 1777 495; x_wconf 91' lang='lat' dir='ltr'>merit0,</span> <span class='ocrx_word' id='word_1_30' title='bbox 1840 431 1932 484; x_wconf 89' lang='lat' dir='ltr'>sed</span> <span class='ocrx_word' id='word_1_31' title='bbox 1984 432 2247 486; x_wconf 87' lang='lat' dir='ltr'>Daviticis</span> 
     </span>
     <span class='ocr_line' id='line_1_9' title="bbox 364 499 2246 570; baseline 0.001 -16"><span class='ocrx_word' id='word_1_32' title='bbox 364 501 579 554; x_wconf 90' lang='lat' dir='ltr'>Christo</span> <span class='ocrx_word' id='word_1_33' title='bbox 634 501 914 568; x_wconf 76' lang='lat' dir='ltr'>asscripsit</span> <span class='ocrx_word' id='word_1_34' title='bbox 968 499 1239 552; x_wconf 82' lang='lat' dir='ltr'>laudibus:</span> <span class='ocrx_word' id='word_1_35' title='bbox 1301 501 1423 553; x_wconf 86' lang='lat' dir='ltr'>Non</span> <span class='ocrx_word' id='word_1_36' title='bbox 1466 502 1628 568; x_wconf 75' lang='lat' dir='ltr'>nobis,</span> <span class='ocrx_word' id='word_1_37' title='bbox 1682 503 1951 570; x_wconf 85' lang='lat' dir='ltr'>inquiens,</span> <span class='ocrx_word' id='word_1_38' title='bbox 2004 503 2246 570; x_wconf 78' lang='lat' dir='ltr'>Domine,</span> 
     </span>
     <span class='ocr_line' id='line_1_10' title="bbox 360 571 2245 642; baseline 0.002 -19"><span class='ocrx_word' id='word_1_39' title='bbox 360 591 461 624; x_wconf 76' lang='lat' dir='ltr'>non</span> <span class='ocrx_word' id='word_1_40' title='bbox 497 573 665 634; x_wconf 75' lang='lat' dir='ltr'>nobis,</span> <span class='ocrx_word' id='word_1_41' title='bbox 714 573 803 623; x_wconf 78' lang='lat' dir='ltr'>sed</span> <span class='ocrx_word' id='word_1_42' title='bbox 839 573 1042 623; x_wconf 76' lang='lat' dir='ltr'>nomini</span> <span class='ocrx_word' id='word_1_43' title='bbox 1077 580 1163 623; x_wconf 82' lang='lat' dir='ltr'>tuo</span> <span class='ocrx_word' id='word_1_44' title='bbox 1200 571 1272 623; x_wconf 82' lang='lat' dir='ltr'>da</span> <span class='ocrx_word' id='word_1_45' title='bbox 1309 573 1551 642; x_wconf 72' lang='lat' dir='ltr'>ylorv&#39;am.</span> <span class='ocrx_word' id='word_1_46' title='bbox 1647 573 1704 625; x_wconf 84' lang='lat' dir='ltr'>Si</span> <span class='ocrx_word' id='word_1_47' title='bbox 1749 575 1804 625; x_wconf 92' lang='lat' dir='ltr'>in</span> <span class='ocrx_word' id='word_1_48' title='bbox 1850 591 1932 625; x_wconf 89' lang='lat' dir='ltr'>me</span> <span class='ocrx_word' id='word_1_49' title='bbox 1974 573 2245 639; x_wconf 83' lang='lat' dir='ltr'>facundia,</span> 
     </span>
     <span class='ocr_line' id='line_1_11' title="bbox 359 642 2245 711; baseline 0.002 -17"><span class='ocrx_word' id='word_1_50' title='bbox 359 643 582 694; x_wconf 86' lang='lat' dir='ltr'>scientia</span> <span class='ocrx_word' id='word_1_51' title='bbox 622 648 675 693; x_wconf 89' lang='lat' dir='ltr'>et</span> <span class='ocrx_word' id='word_1_52' title='bbox 713 642 969 694; x_wconf 90' lang='lat' dir='ltr'>memoria</span> <span class='ocrx_word' id='word_1_53' title='bbox 1005 642 1368 706; x_wconf 90' lang='lat' dir='ltr'>convenirent,</span> <span class='ocrx_word' id='word_1_54' title='bbox 1407 643 1464 694; x_wconf 92' lang='lat' dir='ltr'>in</span> <span class='ocrx_word' id='word_1_55' title='bbox 1503 644 1822 711; x_wconf 87' lang='lat' dir='ltr'>explicanda</span> <span class='ocrx_word' id='word_1_56' title='bbox 1854 647 2054 698; x_wconf 90' lang='lat' dir='ltr'>cesaris</span> <span class='ocrx_word' id='word_1_57' title='bbox 2084 646 2245 698; x_wconf 89' lang='lat' dir='ltr'>laude</span> 
     </span>
     <span class='ocr_line' id='line_1_12' title="bbox 357 712 2242 782; baseline 0.003 -18"><span class='ocrx_word' id='word_1_58' title='bbox 357 712 656 766; x_wconf 91' lang='lat' dir='ltr'>deficerent.</span> <span class='ocrx_word' id='word_1_59' title='bbox 746 712 898 765; x_wconf 85' lang='lat' dir='ltr'>Sicut</span> <span class='ocrx_word' id='word_1_60' title='bbox 944 712 1217 777; x_wconf 89' lang='lat' dir='ltr'>dominus,</span> <span class='ocrx_word' id='word_1_61' title='bbox 1269 714 1347 765; x_wconf 91' lang='lat' dir='ltr'>sic</span> <span class='ocrx_word' id='word_1_62' title='bbox 1395 718 1480 765; x_wconf 73' lang='lat' dir='ltr'>et⁸</span> <span class='ocrx_word' id='word_1_63' title='bbox 1527 715 1795 782; x_wconf 83' lang='lat' dir='ltr'>principes</span> <span class='ocrx_word' id='word_1_64' title='bbox 1848 716 1961 768; x_wconf 90' lang='lat' dir='ltr'>eius</span> <span class='ocrx_word' id='word_1_65' title='bbox 2010 716 2242 769; x_wconf 86' lang='lat' dir='ltr'>fuerunt.</span> 
     </span>
     <span class='ocr_line' id='line_1_13' title="bbox 360 783 2246 853; baseline 0.003 -19"><span class='ocrx_word' id='word_1_66' title='bbox 360 784 479 835; x_wconf 92' lang='lat' dir='ltr'>Non</span> <span class='ocrx_word' id='word_1_67' title='bbox 519 801 607 835; x_wconf 89' lang='lat' dir='ltr'>eos</span> <span class='ocrx_word' id='word_1_68' title='bbox 648 783 890 836; x_wconf 90' lang='lat' dir='ltr'>ciborum</span> <span class='ocrx_word' id='word_1_69' title='bbox 928 802 1023 836; x_wconf 92' lang='lat' dir='ltr'>seu</span> <span class='ocrx_word' id='word_1_70' title='bbox 1061 784 1290 836; x_wconf 90' lang='lat' dir='ltr'>aliarum</span> <span class='ocrx_word' id='word_1_71' title='bbox 1328 802 1507 836; x_wconf 91' lang='lat' dir='ltr'>rerum</span> <span class='ocrx_word' id='word_1_72' title='bbox 1547 783 1820 851; x_wconf 90' lang='lat' dir='ltr'>superflua</span> <span class='ocrx_word' id='word_1_73' title='bbox 1857 787 2105 853; x_wconf 83' lang='lat' dir='ltr'>varietaS,</span> <span class='ocrx_word' id='word_1_74' title='bbox 2153 787 2246 842; x_wconf 89' lang='lat' dir='ltr'>sed</span> 
     </span>
     <span class='ocr_line' id='line_1_14' title="bbox 360 854 2248 926; baseline 0.003 -21"><span class='ocrx_word' id='word_1_75' title='bbox 360 855 417 906; x_wconf 92' lang='lat' dir='ltr'>in</span> <span class='ocrx_word' id='word_1_76' title='bbox 442 855 645 906; x_wconf 90' lang='lat' dir='ltr'>cunctis</span> <span class='ocrx_word' id='word_1_77' title='bbox 671 854 975 907; x_wconf 88' lang='lat' dir='ltr'>delectabat</span> <span class='ocrx_word' id='word_1_78' title='bbox 998 873 1163 908; x_wconf 91' lang='lat' dir='ltr'>aurea</span> <span class='ocrx_word' id='word_1_79' title='bbox 1187 855 1544 908; x_wconf 87' lang='lat' dir='ltr'>mediocritas.</span> <span class='ocrx_word' id='word_1_80' title='bbox 1593 857 1803 921; x_wconf 85' lang='lat' dir='ltr'>Omnes,</span> <span class='ocrx_word' id='word_1_81' title='bbox 1835 875 1974 924; x_wconf 88' lang='lat' dir='ltr'>quae</span> <span class='ocrx_word' id='word_1_82' title='bbox 1999 858 2248 926; x_wconf 87' lang='lat' dir='ltr'>leguntur</span> 
     </span>
     <span class='ocr_line' id='line_1_15' title="bbox 360 925 2246 994; baseline 0.004 -18"><span class='ocrx_word' id='word_1_83' title='bbox 360 926 600 989; x_wconf 82' lang='lat' dir='ltr'>virtuteS,</span> <span class='ocrx_word' id='word_1_84' title='bbox 626 926 707 978; x_wconf 90' lang='lat' dir='ltr'>his</span> <span class='ocrx_word' id='word_1_85' title='bbox 731 925 1049 994; x_wconf 79' lang='lat' dir='ltr'>degentibus</span> <span class='ocrx_word' id='word_1_86' title='bbox 1073 925 1342 991; x_wconf 89' lang='lat' dir='ltr'>florentes,</span> <span class='ocrx_word' id='word_1_87' title='bbox 1366 926 1472 979; x_wconf 89' lang='lat' dir='ltr'>hiis</span> <span class='ocrx_word' id='word_1_88' title='bbox 1496 926 1817 980; x_wconf 91' lang='lat' dir='ltr'>obeuntibus</span> <span class='ocrx_word' id='word_1_89' title='bbox 1838 936 2246 986; x_wconf 76' lang='lat' dir='ltr'>marcesserunt.</span> 
     </span>
     <span class='ocr_line' id='line_1_16' title="bbox 356 994 2247 1066; baseline 0.004 -19"><span class='ocrx_word' id='word_1_90' title='bbox 356 994 449 1048; x_wconf 90' lang='lat' dir='ltr'>Hii</span> <span class='ocrx_word' id='word_1_91' title='bbox 481 997 585 1048; x_wconf 88' lang='lat' dir='ltr'>etsi</span> <span class='ocrx_word' id='word_1_92' title='bbox 618 998 971 1064; x_wconf 80' lang='lat' dir='ltr'>corporaliter</span> <span class='ocrx_word' id='word_1_93' title='bbox 1001 1015 1106 1050; x_wconf 91' lang='lat' dir='ltr'>non</span> <span class='ocrx_word' id='word_1_94' title='bbox 1137 999 1334 1063; x_wconf 91' lang='lat' dir='ltr'>vivunt,</span> <span class='ocrx_word' id='word_1_95' title='bbox 1366 1004 1654 1066; x_wconf 89' lang='lat' dir='ltr'>supersunt</span> <span class='ocrx_word' id='word_1_96' title='bbox 1691 999 1902 1051; x_wconf 91' lang='lat' dir='ltr'>animae</span> <span class='ocrx_word' id='word_1_97' title='bbox 1936 1000 2247 1054; x_wconf 88' lang='lat' dir='ltr'>inmortales</span> 
     </span>
     <span class='ocr_line' id='line_1_17' title="bbox 356 1067 2075 1139; baseline 0.003 -20"><span class='ocrx_word' id='word_1_98' title='bbox 356 1067 619 1119; x_wconf 90' lang='lat' dir='ltr'>bonorum</span> <span class='ocrx_word' id='word_1_99' title='bbox 656 1075 912 1135; x_wconf 91' lang='lat' dir='ltr'>provectu</span> <span class='ocrx_word' id='word_1_100' title='bbox 949 1086 1172 1137; x_wconf 90' lang='lat' dir='ltr'>operum</span> <span class='ocrx_word' id='word_1_101' title='bbox 1209 1069 1369 1122; x_wconf 88' lang='lat' dir='ltr'>beata</span> <span class='ocrx_word' id='word_1_102' title='bbox 1407 1071 1730 1123; x_wconf 86' lang='lat' dir='ltr'>aeternitate</span> <span class='ocrx_word' id='word_1_103' title='bbox 1767 1071 2075 1139; x_wconf 86' lang='lat' dir='ltr'>gaudentes,</span> 
     </span>
    </p>
   </div>
   <div class='ocr_carea' id='block_1_6' title="bbox 350 1181 2248 3037">
    <p class='ocr_par' dir='ltr' id='par_1_6' title="bbox 350 1181 2248 3037">
     <span class='ocr_line' id='line_1_18' title="bbox 500 1181 2246 1254; baseline 0.003 -21"><span class='ocrx_word' id='word_1_104' title='bbox 500 1183 584 1236; x_wconf 80' lang='lat'>45.</span> <span class='ocrx_word' id='word_1_105' title='bbox 641 1181 744 1234; x_wconf 85' lang='lat' dir='ltr'>Sed</span> <span class='ocrx_word' id='word_1_106' title='bbox 777 1187 838 1234; x_wconf 92' lang='lat' dir='ltr'>ut</span> <span class='ocrx_word' id='word_1_107' title='bbox 862 1183 1207 1235; x_wconf 83' lang='lat' dir='ltr'>concludamb</span> <span class='ocrx_word' id='word_1_108' title='bbox 1227 1200 1539 1247; x_wconf 89' lang='lat' dir='ltr'>sermonem,</span> <span class='ocrx_word' id='word_1_109' title='bbox 1570 1189 1692 1252; x_wconf 91' lang='lat' dir='ltr'>post</span> <span class='ocrx_word' id='word_1_110' title='bbox 1715 1184 1968 1237; x_wconf 88' lang='lat' dir='ltr'>Carolum</span> <span class='ocrx_word' id='word_1_111' title='bbox 1994 1185 2246 1254; x_wconf 90' lang='lat' dir='ltr'>Magnum</span> 
     </span>
     <span class='ocr_line' id='line_1_19' title="bbox 354 1253 2247 1325; baseline 0.002 -20"><span class='ocrx_word' id='word_1_112' title='bbox 354 1253 591 1321; x_wconf 85' lang='lat' dir='ltr'>regalem</span> <span class='ocrx_word' id='word_1_113' title='bbox 646 1253 958 1306; x_wconf 86' lang='lat' dir='ltr'>cathedram</span> <span class='ocrx_word' id='word_1_114' title='bbox 1011 1272 1306 1322; x_wconf 88' lang='lat' dir='ltr'>numquam</span> <span class='ocrx_word' id='word_1_115' title='bbox 1359 1259 1544 1307; x_wconf 90' lang='lat' dir='ltr'>tantus</span> <span class='ocrx_word' id='word_1_116' title='bbox 1596 1256 1806 1323; x_wconf 80' lang='lat' dir='ltr'>patriae</span> <span class='ocrx_word' id='word_1_117' title='bbox 1857 1261 2035 1309; x_wconf 91' lang='lat' dir='ltr'>rector</span> <span class='ocrx_word' id='word_1_118' title='bbox 2086 1262 2247 1325; x_wconf 89' lang='lat' dir='ltr'>atque</span> 
     </span>
     <span class='ocr_line' id='line_1_20' title="bbox 355 1323 2245 1396; baseline 0.002 -20"><span class='ocrx_word' id='word_1_119' title='bbox 355 1323 608 1377; x_wconf 86' lang='lat' dir='ltr'>defensor</span> <span class='ocrx_word' id='word_1_120' title='bbox 652 1325 906 1392; x_wconf 88' lang='lat' dir='ltr'>possedit.</span> <span class='ocrx_word' id='word_1_121' title='bbox 990 1325 1406 1378; x_wconf 89' lang='lat' dir='ltr'>Precedentibus</span> <span class='ocrx_word' id='word_1_122' title='bbox 1453 1331 1679 1378; x_wconf 89' lang='lat' dir='ltr'>mortem</span> <span class='ocrx_word' id='word_1_123' title='bbox 1725 1327 1862 1392; x_wconf 83' lang='lat' dir='ltr'>eiuS,</span> <span class='ocrx_word' id='word_1_124' title='bbox 1915 1333 1976 1380; x_wconf 90' lang='lat' dir='ltr'>ut</span> <span class='ocrx_word' id='word_1_125' title='bbox 2017 1328 2245 1396; x_wconf 83' lang='lat' dir='ltr'>predixi,</span> 
     </span>
     <span class='ocr_line' id='line_1_21' title="bbox 353 1396 2246 1464; baseline 0.003 -18"><span class='ocrx_word' id='word_1_126' title='bbox 353 1396 603 1463; x_wconf 88' lang='lat' dir='ltr'>plurimis</span> <span class='ocrx_word' id='word_1_127' title='bbox 628 1397 981 1464; x_wconf 89' lang='lat' dir='ltr'>optimatibus</span> <span class='ocrx_word' id='word_1_128' title='bbox 1015 1414 1212 1462; x_wconf 81' lang='lat' dir='ltr'>omneS,</span> <span class='ocrx_word' id='word_1_129' title='bbox 1239 1398 1330 1464; x_wconf 92' lang='lat' dir='ltr'>qui</span> <span class='ocrx_word' id='word_1_130' title='bbox 1359 1397 1754 1464; x_wconf 86' lang='lat' dir='ltr'>superfuerunt,</span> <span class='ocrx_word' id='word_1_131' title='bbox 1787 1403 1971 1451; x_wconf 86' lang='lat' dir='ltr'>tantae</span> <span class='ocrx_word' id='word_1_132' title='bbox 2002 1399 2246 1452; x_wconf 89' lang='lat' dir='ltr'>iucundi—</span> 
     </span>
     <span class='ocr_line' id='line_1_22' title="bbox 353 1468 2246 1539; baseline 0.003 -20"><span class='ocrx_word' id='word_1_133' title='bbox 353 1468 483 1520; x_wconf 90' lang='lat' dir='ltr'>tatis</span> <span class='ocrx_word' id='word_1_134' title='bbox 522 1468 696 1520; x_wconf 82' lang='lat' dir='ltr'>haud⁰</span> <span class='ocrx_word' id='word_1_135' title='bbox 741 1469 1083 1534; x_wconf 83' lang='lat' dir='ltr'>inmemoreS,</span> <span class='ocrx_word' id='word_1_136' title='bbox 1130 1486 1321 1520; x_wconf 87' lang='lat' dir='ltr'>novam</span> <span class='ocrx_word' id='word_1_137' title='bbox 1359 1469 1530 1521; x_wconf 82' lang='lat' dir='ltr'>hancd</span> <span class='ocrx_word' id='word_1_138' title='bbox 1566 1486 1829 1534; x_wconf 88' lang='lat' dir='ltr'>normam,</span> <span class='ocrx_word' id='word_1_139' title='bbox 1881 1488 2019 1537; x_wconf 89' lang='lat' dir='ltr'>quae</span> <span class='ocrx_word' id='word_1_140' title='bbox 2059 1488 2246 1539; x_wconf 90' lang='lat' dir='ltr'>seque-</span> 
     </span>
     <span class='ocr_line' id='line_1_23' title="bbox 354 1538 2245 1608; baseline 0.003 -18"><span class='ocrx_word' id='word_1_141' title='bbox 354 1538 528 1604; x_wconf 87' lang='lat' dir='ltr'>batur,</span> <span class='ocrx_word' id='word_1_142' title='bbox 577 1557 674 1591; x_wconf 89' lang='lat' dir='ltr'>nec</span> <span class='ocrx_word' id='word_1_143' title='bbox 705 1540 987 1593; x_wconf 90' lang='lat' dir='ltr'>voluerunt</span> <span class='ocrx_word' id='word_1_144' title='bbox 1017 1558 1190 1608; x_wconf 92' lang='lat' dir='ltr'>neque</span> <span class='ocrx_word' id='word_1_145' title='bbox 1222 1539 1601 1608; x_wconf 88' lang='lat' dir='ltr'>sequebantur,</span> <span class='ocrx_word' id='word_1_146' title='bbox 1646 1541 1739 1593; x_wconf 91' lang='lat' dir='ltr'>sed</span> <span class='ocrx_word' id='word_1_147' title='bbox 1770 1541 1840 1593; x_wconf 82' lang='lat' dir='ltr'>ad.</span> <span class='ocrx_word' id='word_1_148' title='bbox 1872 1543 2074 1594; x_wconf 88' lang='lat' dir='ltr'>exitum</span> <span class='ocrx_word' id='word_1_149' title='bbox 2103 1543 2245 1595; x_wconf 90' lang='lat' dir='ltr'>vitae</span> 
     </span>
     <span class='ocr_line' id='line_1_24' title="bbox 354 1611 2247 1680; baseline 0.003 -18"><span class='ocrx_word' id='word_1_150' title='bbox 354 1611 551 1663; x_wconf 90' lang='lat' dir='ltr'>suimet</span> <span class='ocrx_word' id='word_1_151' title='bbox 598 1611 666 1663; x_wconf 93' lang='lat' dir='ltr'>ab</span> <span class='ocrx_word' id='word_1_152' title='bbox 713 1616 863 1664; x_wconf 87' lang='lat' dir='ltr'>recta</span> <span class='ocrx_word' id='word_1_153' title='bbox 908 1612 1163 1680; x_wconf 90' lang='lat' dir='ltr'>antiquae</span> <span class='ocrx_word' id='word_1_154' title='bbox 1209 1612 1454 1664; x_wconf 89' lang='lat' dir='ltr'>veritatis</span> <span class='ocrx_word' id='word_1_155' title='bbox 1501 1616 1553 1664; x_wconf 92' lang='lat' dir='ltr'>et</span> <span class='ocrx_word' id='word_1_156' title='bbox 1605 1612 1851 1665; x_wconf 90' lang='lat' dir='ltr'>iusticiae</span> <span class='ocrx_word' id='word_1_157' title='bbox 1904 1613 2095 1666; x_wconf 90' lang='lat' dir='ltr'>semita</span> <span class='ocrx_word' id='word_1_158' title='bbox 2148 1632 2247 1667; x_wconf 91' lang='lat' dir='ltr'>sua</span> 
     </span>
     <span class='ocr_line' id='line_1_25' title="bbox 353 1682 2246 1754; baseline 0.002 -20"><span class='ocrx_word' id='word_1_159' title='bbox 353 1687 542 1750; x_wconf 90' lang='lat' dir='ltr'>sponte</span> <span class='ocrx_word' id='word_1_160' title='bbox 579 1699 687 1734; x_wconf 91' lang='lat' dir='ltr'>non</span> <span class='ocrx_word' id='word_1_161' title='bbox 727 1683 1029 1736; x_wconf 89' lang='lat' dir='ltr'>deviabant.</span> <span class='ocrx_word' id='word_1_162' title='bbox 1106 1682 1306 1751; x_wconf 91' lang='lat' dir='ltr'>Inpleri</span> <span class='ocrx_word' id='word_1_163' title='bbox 1343 1687 1471 1735; x_wconf 89' lang='lat' dir='ltr'>tunc</span> <span class='ocrx_word' id='word_1_164' title='bbox 1511 1701 1742 1751; x_wconf 82' lang='lat' dir='ltr'>namque</span> <span class='ocrx_word' id='word_1_165' title='bbox 1779 1683 2054 1748; x_wconf 90' lang='lat' dir='ltr'>videbant,</span> <span class='ocrx_word' id='word_1_166' title='bbox 2101 1686 2246 1754; x_wconf 91' lang='lat' dir='ltr'>quod</span> 
     </span>
     <span class='ocr_line' id='line_1_26' title="bbox 353 1753 2246 1823; baseline 0.003 -19"><span class='ocrx_word' id='word_1_167' title='bbox 353 1770 386 1805; x_wconf 93' lang='lat' dir='ltr'>a</span> <span class='ocrx_word' id='word_1_168' title='bbox 425 1753 659 1821; x_wconf 91' lang='lat' dir='ltr'>quodam</span> <span class='ocrx_word' id='word_1_169' title='bbox 701 1755 941 1821; x_wconf 89' lang='lat' dir='ltr'>sapiente</span> <span class='ocrx_word' id='word_1_170' title='bbox 979 1771 1205 1823; x_wconf 88' lang='lat' dir='ltr'>presago</span> <span class='ocrx_word' id='word_1_171' title='bbox 1237 1754 1542 1807; x_wconf 83' lang='lat' dir='ltr'>futurorum</span> <span class='ocrx_word' id='word_1_172' title='bbox 1575 1757 1832 1823; x_wconf 90' lang='lat' dir='ltr'>scriptum</span> <span class='ocrx_word' id='word_1_173' title='bbox 1865 1762 1967 1808; x_wconf 89' lang='lat' dir='ltr'>est:</span> <span class='ocrx_word' id='word_1_174' title='bbox 2006 1755 2246 1809; x_wconf 81' lang='lat' dir='ltr'>Primum</span> 
     </span>
     <span class='ocr_line' id='line_1_27' title="bbox 353 1824 2245 1897; baseline 0.001 -20"><span class='ocrx_word' id='word_1_175' title='bbox 353 1824 453 1877; x_wconf 76' lang='lat' dir='ltr'>*est</span> <span class='ocrx_word' id='word_1_176' title='bbox 490 1844 704 1878; x_wconf 79' lang='lat' dir='ltr'>aureum</span> <span class='ocrx_word' id='word_1_177' title='bbox 751 1827 999 1892; x_wconf 78' lang='lat' dir='ltr'>seculum,</span> <span class='ocrx_word' id='word_1_178' title='bbox 1044 1827 1194 1878; x_wconf 76' lang='lat' dir='ltr'>deinc</span> <span class='ocrx_word' id='word_1_179' title='bbox 1231 1845 1436 1878; x_wconf 80' lang='lat' dir='ltr'>aereum</span> <span class='ocrx_word' id='word_1_180' title='bbox 1478 1835 1688 1896; x_wconf 74' lang='lat' dir='ltr'>postque</span> <span class='ocrx_word' id='word_1_181' title='bbox 1721 1826 1964 1896; x_wconf 80' lang='lat' dir='ltr'>ferreum</span> <span class='ocrx_word' id='word_1_182' title='bbox 2000 1829 2245 1897; x_wconf 79' lang='lat' dir='ltr'>sequitur.</span> 
     </span>
     <span class='ocr_line' id='line_1_28' title="bbox 352 1895 2244 1966; baseline 0.002 -18"><span class='ocrx_word' id='word_1_183' title='bbox 352 1895 556 1948; x_wconf 89' lang='lat' dir='ltr'>Audiat</span> <span class='ocrx_word' id='word_1_184' title='bbox 589 1898 957 1965; x_wconf 89' lang='lat' dir='ltr'>unusquisque</span> <span class='ocrx_word' id='word_1_185' title='bbox 987 1896 1224 1949; x_wconf 91' lang='lat' dir='ltr'>fidelium</span> <span class='ocrx_word' id='word_1_186' title='bbox 1258 1897 1537 1950; x_wconf 76' lang='lat' dir='ltr'>veredicae</span> <span class='ocrx_word' id='word_1_187' title='bbox 1571 1897 1717 1950; x_wconf 88' lang='lat' dir='ltr'>beati</span> <span class='ocrx_word' id='word_1_188' title='bbox 1742 1897 1985 1966; x_wconf 86' lang='lat' dir='ltr'>Gregorii</span> <span class='ocrx_word' id='word_1_189' title='bbox 2015 1900 2244 1952; x_wconf 86' lang='lat' dir='ltr'>monita:</span> 
     </span>
     <span class='ocr_line' id='line_1_29' title="bbox 358 1966 2244 2038; baseline 0.002 -18"><span class='ocrx_word' id='word_1_190' title='bbox 358 1966 485 2020; x_wconf 78' lang='lat' dir='ltr'>Cum</span> <span class='ocrx_word' id='word_1_191' title='bbox 522 1978 778 2038; x_wconf 74' lang='lat' dir='ltr'>auqentur</span> <span class='ocrx_word' id='word_1_192' title='bbox 815 1969 979 2034; x_wconf 82' lang='lat' dir='ltr'>dona,</span> <span class='ocrx_word' id='word_1_193' title='bbox 1025 1970 1262 2021; x_wconf 76' lang='lat' dir='ltr'>raciones</span> <span class='ocrx_word' id='word_1_194' title='bbox 1307 1978 1538 2021; x_wconf 77' lang='lat' dir='ltr'>crescunt</span> <span class='ocrx_word' id='word_1_195' title='bbox 1581 1969 1858 2036; x_wconf 78' lang='lat' dir='ltr'>donorum,</span> <span class='ocrx_word' id='word_1_196' title='bbox 1905 1974 1959 2022; x_wconf 90' lang='lat' dir='ltr'>et</span> <span class='ocrx_word' id='word_1_197' title='bbox 2003 1971 2058 2022; x_wconf 91' lang='lat' dir='ltr'>in</span> <span class='ocrx_word' id='word_1_198' title='bbox 2105 1988 2244 2024; x_wconf 90' lang='lat' dir='ltr'>com—</span> 
     </span>
     <span class='ocr_line' id='line_1_30' title="bbox 352 2041 2246 2110; baseline 0.002 -19"><span class='ocrx_word' id='word_1_199' title='bbox 352 2041 561 2092; x_wconf 76' lang='lat' dir='ltr'>missisf</span> <span class='ocrx_word' id='word_1_200' title='bbox 614 2058 670 2092; x_wconf 95' lang='lat' dir='ltr'>se</span> <span class='ocrx_word' id='word_1_201' title='bbox 720 2041 879 2092; x_wconf 91' lang='lat' dir='ltr'>nimis</span> <span class='ocrx_word' id='word_1_202' title='bbox 935 2057 1187 2109; x_wconf 89' lang='lat' dir='ltr'>peccasse</span> <span class='ocrx_word' id='word_1_203' title='bbox 1240 2041 1613 2109; x_wconf 89' lang='lat' dir='ltr'>perhorrescat</span> <span class='ocrx_word' id='word_1_204' title='bbox 1668 2046 1722 2093; x_wconf 91' lang='lat' dir='ltr'>et</span> <span class='ocrx_word' id='word_1_205' title='bbox 1778 2059 1874 2110; x_wconf 93' lang='lat' dir='ltr'>pro</span> <span class='ocrx_word' id='word_1_206' title='bbox 1930 2042 2112 2094; x_wconf 92' lang='lat' dir='ltr'>anima</span> <span class='ocrx_word' id='word_1_207' title='bbox 2166 2043 2246 2094; x_wconf 90' lang='lat' dir='ltr'>in-</span> 
     </span>
     <span class='ocr_line' id='line_1_31' title="bbox 351 2111 2247 2180; baseline 0.002 -17"><span class='ocrx_word' id='word_1_208' title='bbox 351 2111 619 2180; x_wconf 89' lang='lat' dir='ltr'>peratoris</span> <span class='ocrx_word' id='word_1_209' title='bbox 672 2113 842 2164; x_wconf 89' lang='lat' dir='ltr'>Deum</span> <span class='ocrx_word' id='word_1_210' title='bbox 891 2112 1121 2180; x_wconf 87' lang='lat' dir='ltr'>supplici</span> <span class='ocrx_word' id='word_1_211' title='bbox 1168 2118 1346 2165; x_wconf 89' lang='lat' dir='ltr'>mente</span> <span class='ocrx_word' id='word_1_212' title='bbox 1395 2111 1668 2179; x_wconf 84' lang='lat' dir='ltr'>deposcat,</span> <span class='ocrx_word' id='word_1_213' title='bbox 1727 2118 1788 2165; x_wconf 89' lang='lat' dir='ltr'>ut</span> <span class='ocrx_word' id='word_1_214' title='bbox 1841 2111 2055 2180; x_wconf 85' lang='lat' dir='ltr'>flagicia</span> <span class='ocrx_word' id='word_1_215' title='bbox 2109 2113 2247 2166; x_wconf 88' lang='lat' dir='ltr'>servi</span> 
     </span>
     <span class='ocr_line' id='line_1_32' title="bbox 350 2183 2247 2253; baseline 0.002 -19"><span class='ocrx_word' id='word_1_216' title='bbox 350 2183 652 2251; x_wconf 85' lang='lat' dir='ltr'>peccatoris</span> <span class='ocrx_word' id='word_1_217' title='bbox 690 2183 1017 2247; x_wconf 71' lang='lat' dir='ltr'>innumerass,</span> <span class='ocrx_word' id='word_1_218' title='bbox 1058 2200 1195 2252; x_wconf 89' lang='lat' dir='ltr'>quae</span> <span class='ocrx_word' id='word_1_219' title='bbox 1234 2183 1289 2235; x_wconf 90' lang='lat' dir='ltr'>in</span> <span class='ocrx_word' id='word_1_220' title='bbox 1328 2188 1413 2236; x_wconf 91' lang='lat' dir='ltr'>tot</span> <span class='ocrx_word' id='word_1_221' title='bbox 1450 2183 1555 2236; x_wconf 89' lang='lat' dir='ltr'>sibi</span> <span class='ocrx_word' id='word_1_222' title='bbox 1592 2183 1823 2237; x_wconf 87' lang='lat' dir='ltr'>subditis</span> <span class='ocrx_word' id='word_1_223' title='bbox 1863 2184 2024 2237; x_wconf 89' lang='lat' dir='ltr'>rebus</span> <span class='ocrx_word' id='word_1_224' title='bbox 2061 2202 2247 2253; x_wconf 90' lang='lat' dir='ltr'>preca-</span> 
     </span>
     <span class='ocr_line' id='line_1_33' title="bbox 352 2255 2246 2324; baseline 0.001 -17"><span class='ocrx_word' id='word_1_225' title='bbox 352 2255 463 2307; x_wconf 90' lang='lat' dir='ltr'>veri</span> <span class='ocrx_word' id='word_1_226' title='bbox 495 2255 860 2323; x_wconf 87' lang='lat' dir='ltr'>nequiverant,</span> <span class='ocrx_word' id='word_1_227' title='bbox 900 2256 1187 2307; x_wconf 90' lang='lat' dir='ltr'>clementer</span> <span class='ocrx_word' id='word_1_228' title='bbox 1218 2256 1478 2323; x_wconf 82' lang='lat' dir='ltr'>ignoscat,</span> <span class='ocrx_word' id='word_1_229' title='bbox 1510 2272 1904 2324; x_wconf 89' lang='lat' dir='ltr'>regnorumque</span> <span class='ocrx_word' id='word_1_230' title='bbox 1942 2256 2246 2308; x_wconf 90' lang='lat' dir='ltr'>dominator</span> 
     </span>
     <span class='ocr_line' id='line_1_34' title="bbox 354 2326 2246 2396; baseline 0.002 -19"><span class='ocrx_word' id='word_1_231' title='bbox 354 2326 590 2378; x_wconf 90' lang='lat' dir='ltr'>omnium</span> <span class='ocrx_word' id='word_1_232' title='bbox 637 2327 848 2395; x_wconf 91' lang='lat' dir='ltr'>populis</span> <span class='ocrx_word' id='word_1_233' title='bbox 896 2326 1237 2395; x_wconf 90' lang='lat' dir='ltr'>presentibus</span> <span class='ocrx_word' id='word_1_234' title='bbox 1286 2331 1449 2395; x_wconf 90' lang='lat' dir='ltr'>atque</span> <span class='ocrx_word' id='word_1_235' title='bbox 1498 2326 1697 2378; x_wconf 86' lang='lat' dir='ltr'>futuris</span> <span class='ocrx_word' id='word_1_236' title='bbox 1745 2327 1971 2396; x_wconf 88' lang='lat' dir='ltr'>pervigil</span> <span class='ocrx_word' id='word_1_237' title='bbox 2020 2328 2246 2396; x_wconf 91' lang='lat' dir='ltr'>piusque</span> 
     </span>
     <span class='ocr_line' id='line_1_35' title="bbox 354 2398 2247 2466; baseline 0.002 -17"><span class='ocrx_word' id='word_1_238' title='bbox 354 2404 533 2450; x_wconf 87' lang='lat' dir='ltr'>custos</span> <span class='ocrx_word' id='word_1_239' title='bbox 584 2399 828 2451; x_wconf 83' lang='lat' dir='ltr'>assistat!</span> <span class='ocrx_word' id='word_1_240' title='bbox 926 2399 997 2451; x_wconf 89' lang='lat' dir='ltr'>Et</span> <span class='ocrx_word' id='word_1_241' title='bbox 1051 2404 1133 2463; x_wconf 90' lang='lat' dir='ltr'>tu,</span> <span class='ocrx_word' id='word_1_242' title='bbox 1191 2398 1515 2466; x_wconf 90' lang='lat' dir='ltr'>quicumque</span> <span class='ocrx_word' id='word_1_243' title='bbox 1573 2399 1706 2450; x_wconf 91' lang='lat' dir='ltr'>mihi</span> <span class='ocrx_word' id='word_1_244' title='bbox 1764 2399 2046 2464; x_wconf 79' lang='lat' dir='ltr'>succedaS,</span> <span class='ocrx_word' id='word_1_245' title='bbox 2106 2401 2247 2452; x_wconf 88' lang='lat' dir='ltr'>tanti</span> 
     </span>
     <span class='ocr_line' id='line_1_36' title="bbox 352 2469 2246 2533; baseline 0.002 -13"><span class='ocrx_word' id='word_1_246' title='bbox 352 2486 556 2522; x_wconf 91' lang='lat' dir='ltr'>memor</span> <span class='ocrx_word' id='word_1_247' title='bbox 604 2469 872 2533; x_wconf 89' lang='lat' dir='ltr'>beneficii,</span> <span class='ocrx_word' id='word_1_248' title='bbox 932 2470 1143 2522; x_wconf 91' lang='lat' dir='ltr'>animae</span> <span class='ocrx_word' id='word_1_249' title='bbox 1195 2471 1310 2522; x_wconf 89' lang='lat' dir='ltr'>eius</span> <span class='ocrx_word' id='word_1_250' title='bbox 1366 2469 1794 2523; x_wconf 88' lang='lat' dir='ltr'>recordationem</span> <span class='ocrx_word' id='word_1_251' title='bbox 1849 2469 1996 2523; x_wconf 89' lang='lat' dir='ltr'>fideli</span> <span class='ocrx_word' id='word_1_252' title='bbox 2051 2472 2246 2524; x_wconf 88' lang='lat' dir='ltr'>mentis</span> 
     </span>
     <span class='ocr_line' id='line_1_37' title="bbox 353 2541 2245 2609; baseline 0.001 -16"><span class='ocrx_word' id='word_1_253' title='bbox 353 2541 604 2593; x_wconf 89' lang='lat' dir='ltr'>custodia</span> <span class='ocrx_word' id='word_1_254' title='bbox 659 2558 837 2594; x_wconf 88' lang='lat' dir='ltr'>serves</span> <span class='ocrx_word' id='word_1_255' title='bbox 903 2543 1239 2609; x_wconf 87' lang='lat' dir='ltr'>maximeque</span> <span class='ocrx_word' id='word_1_256' title='bbox 1296 2543 1352 2594; x_wconf 92' lang='lat' dir='ltr'>in</span> <span class='ocrx_word' id='word_1_257' title='bbox 1420 2541 1711 2594; x_wconf 87' lang='lat' dir='ltr'>festivitate</span> <span class='ocrx_word' id='word_1_258' title='bbox 1769 2541 1971 2595; x_wconf 89' lang='lat' dir='ltr'>Christi</span> <span class='ocrx_word' id='word_1_259' title='bbox 2033 2542 2245 2595; x_wconf 90' lang='lat' dir='ltr'>adletae</span> 
     </span>
     <span class='ocr_line' id='line_1_38' title="bbox 351 2612 2245 2681; baseline 0.001 -17"><span class='ocrx_word' id='word_1_260' title='bbox 351 2613 654 2677; x_wconf 88' lang='lat' dir='ltr'>Laurentii,</span> <span class='ocrx_word' id='word_1_261' title='bbox 701 2613 853 2664; x_wconf 92' lang='lat' dir='ltr'>cuius</span> <span class='ocrx_word' id='word_1_262' title='bbox 892 2614 1333 2665; x_wconf 89' lang='lat' dir='ltr'>intercessionem</span> <span class='ocrx_word' id='word_1_263' title='bbox 1373 2612 1565 2665; x_wconf 85' lang='lat' dir='ltr'>obnixe</span> <span class='ocrx_word' id='word_1_264' title='bbox 1603 2613 1864 2681; x_wconf 81' lang='lat' dir='ltr'>postuleS,</span> <span class='ocrx_word' id='word_1_265' title='bbox 1911 2618 1971 2666; x_wconf 92' lang='lat' dir='ltr'>ut</span> <span class='ocrx_word' id='word_1_266' title='bbox 2007 2614 2147 2666; x_wconf 88' lang='lat' dir='ltr'>sicut</span> <span class='ocrx_word' id='word_1_267' title='bbox 2183 2631 2245 2667; x_wconf 89' lang='lat' dir='ltr'>eo</span> 
     </span>
     <span class='ocr_line' id='line_1_39' title="bbox 353 2683 2246 2752; baseline 0.002 -17"><span class='ocrx_word' id='word_1_268' title='bbox 353 2683 439 2736; x_wconf 90' lang='lat' dir='ltr'>die</span> <span class='ocrx_word' id='word_1_269' title='bbox 471 2684 678 2736; x_wconf 88' lang='lat' dir='ltr'>meritis</span> <span class='ocrx_word' id='word_1_270' title='bbox 710 2685 879 2752; x_wconf 88' lang='lat' dir='ltr'>ipsius</span> <span class='ocrx_word' id='word_1_271' title='bbox 913 2684 1151 2737; x_wconf 91' lang='lat' dir='ltr'>hostium</span> <span class='ocrx_word' id='word_1_272' title='bbox 1182 2685 1305 2736; x_wconf 91' lang='lat' dir='ltr'>huic</span> <span class='ocrx_word' id='word_1_273' title='bbox 1337 2701 1590 2737; x_wconf 90' lang='lat' dir='ltr'>concessa</span> <span class='ocrx_word' id='word_1_274' title='bbox 1620 2689 1702 2737; x_wconf 89' lang='lat' dir='ltr'>est</span> <span class='ocrx_word' id='word_1_275' title='bbox 1732 2684 1987 2737; x_wconf 86' lang='lat' dir='ltr'>divinitus</span> <span class='ocrx_word' id='word_1_276' title='bbox 2019 2685 2246 2738; x_wconf 86' lang='lat' dir='ltr'>victoria</span> 
     </span>
     <span class='ocr_line' id='line_1_40' title="bbox 352 2755 2245 2825; baseline 0.001 -18"><span class='ocrx_word' id='word_1_277' title='bbox 352 2755 658 2820; x_wconf 88' lang='lat' dir='ltr'>visibilium,</span> <span class='ocrx_word' id='word_1_278' title='bbox 705 2757 785 2807; x_wconf 86' lang='lat' dir='ltr'>ita</span> <span class='ocrx_word' id='word_1_279' title='bbox 824 2755 928 2808; x_wconf 91' lang='lat' dir='ltr'>sibi</span> <span class='ocrx_word' id='word_1_280' title='bbox 966 2774 999 2808; x_wconf 91' lang='lat' dir='ltr'>a</span> <span class='ocrx_word' id='word_1_281' title='bbox 1038 2756 1149 2808; x_wconf 90' lang='lat' dir='ltr'>Deo</span> <span class='ocrx_word' id='word_1_282' title='bbox 1189 2755 1405 2820; x_wconf 91' lang='lat' dir='ltr'>donata,</span> <span class='ocrx_word' id='word_1_283' title='bbox 1453 2773 1615 2823; x_wconf 91' lang='lat' dir='ltr'>quam</span> <span class='ocrx_word' id='word_1_284' title='bbox 1655 2773 1862 2825; x_wconf 91' lang='lat' dir='ltr'>semper</span> <span class='ocrx_word' id='word_1_285' title='bbox 1898 2757 2117 2824; x_wconf 89' lang='lat' dir='ltr'>optavit,</span> <span class='ocrx_word' id='word_1_286' title='bbox 2163 2774 2245 2808; x_wconf 91' lang='lat' dir='ltr'>re-</span> 
     </span>
     <span class='ocr_line' id='line_1_41' title="bbox 352 2826 2248 2895; baseline 0.001 -17"><span class='ocrx_word' id='word_1_287' title='bbox 352 2826 623 2890; x_wconf 90' lang='lat' dir='ltr'>missione,</span> <span class='ocrx_word' id='word_1_288' title='bbox 674 2827 898 2895; x_wconf 90' lang='lat' dir='ltr'>laqueos</span> <span class='ocrx_word' id='word_1_289' title='bbox 936 2828 1275 2880; x_wconf 90' lang='lat' dir='ltr'>inimicorum</span> <span class='ocrx_word' id='word_1_290' title='bbox 1323 2833 1594 2880; x_wconf 87' lang='lat' dir='ltr'>mereatur</span> <span class='ocrx_word' id='word_1_291' title='bbox 1631 2827 1978 2880; x_wconf 89' lang='lat' dir='ltr'>invisibilium</span> <span class='ocrx_word' id='word_1_292' title='bbox 2023 2826 2248 2880; x_wconf 89' lang='lat' dir='ltr'>evadere</span> 
     </span>
     <span class='ocr_line' id='line_1_42' title="bbox 351 2898 2245 2967; baseline 0.001 -17"><span class='ocrx_word' id='word_1_293' title='bbox 351 2916 386 2951; x_wconf 86' lang='lat' dir='ltr'>a</span> <span class='ocrx_word' id='word_1_294' title='bbox 424 2898 798 2967; x_wconf 77' lang='lat' dir='ltr'>sinistrisqueh</span> <span class='ocrx_word' id='word_1_295' title='bbox 837 2904 1163 2967; x_wconf 77' lang='lat' dir='ltr'>segregatuS,</span> <span class='ocrx_word' id='word_1_296' title='bbox 1204 2900 1260 2950; x_wconf 93' lang='lat' dir='ltr'>in</span> <span class='ocrx_word' id='word_1_297' title='bbox 1293 2898 1379 2951; x_wconf 90' lang='lat' dir='ltr'>die</span> <span class='ocrx_word' id='word_1_298' title='bbox 1409 2898 1598 2951; x_wconf 91' lang='lat' dir='ltr'>iudicii</span> <span class='ocrx_word' id='word_1_299' title='bbox 1630 2899 1920 2951; x_wconf 87' lang='lat' dir='ltr'>collocetur</span> <span class='ocrx_word' id='word_1_300' title='bbox 1949 2900 2004 2951; x_wconf 83' lang='lat' dir='ltr'>ai</span> <span class='ocrx_word' id='word_1_301' title='bbox 2042 2898 2245 2951; x_wconf 88' lang='lat' dir='ltr'>dextris</span> 
     </span>
     <span class='ocr_line' id='line_1_43' title="bbox 352 2969 778 3037; baseline 0.007 -15"><span class='ocrx_word' id='word_1_302' title='bbox 352 2970 454 3022; x_wconf 91' lang='lat' dir='ltr'>Dei</span> <span class='ocrx_word' id='word_1_303' title='bbox 490 2969 778 3037; x_wconf 71' lang='lat' dir='ltr'>patrisk·*.</span> 
     </span>
    </p>
   </div>
   <div class='ocr_carea' id='block_1_7' title="bbox 450 3112 1812 3171">
    <p class='ocr_par' dir='ltr' id='par_1_7' title="bbox 450 3112 1812 3171">
     <span class='ocr_line' id='line_1_44' title="bbox 450 3112 1812 3171; baseline 0 -14"><span class='ocrx_word' id='word_1_304' title='bbox 450 3114 496 3167; x_wconf 84' lang='grc'>*)</span> <span class='ocrx_word' id='word_1_305' title='bbox 527 3114 700 3169; x_wconf 89' lang='lat' dir='ltr'>Incipit</span> <span class='ocrx_word' id='word_1_306' title='bbox 729 3113 939 3171; x_wconf 86' lang='lat' dir='ltr'>prologus</span> <span class='ocrx_word' id='word_1_307' title='bbox 971 3113 1079 3158; x_wconf 89' lang='lat' dir='ltr'>libri</span> <span class='ocrx_word' id='word_1_308' title='bbox 1109 3114 1236 3158; x_wconf 82' lang='lat' dir='ltr'>tertii</span> <span class='ocrx_word' id='word_1_309' title='bbox 1268 3113 1321 3158; x_wconf 91' lang='lat' dir='ltr'>de</span> <span class='ocrx_word' id='word_1_310' title='bbox 1354 3112 1517 3158; x_wconf 91' lang='lat' dir='ltr'>Ottone</span> <span class='ocrx_word' id='word_1_311' title='bbox 1548 3112 1738 3158; x_wconf 87' lang='lat' dir='ltr'>secundo</span> <span class='ocrx_word' id='word_1_312' title='bbox 1767 3118 1812 3158; x_wconf 78' lang='lat'>2.</span> 
     </span>
    </p>
   </div>
   <div class='ocr_carea' id='block_1_8' title="bbox 351 3239 2244 3369">
    <p class='ocr_par' dir='ltr' id='par_1_8' title="bbox 351 3239 2244 3369">
     <span class='ocr_line' id='line_1_45' title="bbox 351 3239 2244 3282; baseline 0.001 -10"><span class='ocrx_word' id='word_1_313' title='bbox 351 3241 386 3278; x_wconf 75' lang='lat' dir='ltr'>a)</span> <span class='ocrx_word' id='word_1_314' title='bbox 424 3243 477 3274; x_wconf 84' lang='lat' dir='ltr'>et.</span> <span class='ocrx_word' id='word_1_315' title='bbox 511 3244 547 3273; x_wconf 83' lang='lat' dir='ltr'>et</span> <span class='ocrx_word' id='word_1_316' title='bbox 577 3242 621 3274; x_wconf 76' lang='lat' dir='ltr'>A.</span> <span class='ocrx_word' id='word_1_317' title='bbox 739 3241 778 3281; x_wconf 91' lang='lat' dir='ltr'>b)</span> <span class='ocrx_word' id='word_1_318' title='bbox 815 3241 1052 3274; x_wconf 74' lang='lat' dir='ltr'>conclaudam</span> <span class='ocrx_word' id='word_1_319' title='bbox 1074 3241 1118 3273; x_wconf 82' lang='lat' dir='ltr'>A.</span> <span class='ocrx_word' id='word_1_320' title='bbox 1237 3239 1272 3282; x_wconf 84' lang='lat' dir='ltr'>c)</span> <span class='ocrx_word' id='word_1_321' title='bbox 1307 3250 1373 3273; x_wconf 70' lang='lat' dir='ltr'>voa:</span> <span class='ocrx_word' id='word_1_322' title='bbox 1406 3242 1504 3273; x_wconf 80' lang='lat' dir='ltr'>hand</span> <span class='ocrx_word' id='word_1_323' title='bbox 1535 3251 1635 3273; x_wconf 74' lang='lat' dir='ltr'>erasa</span> <span class='ocrx_word' id='word_1_324' title='bbox 1657 3243 1696 3273; x_wconf 79' lang='lat' dir='ltr'>in</span> <span class='ocrx_word' id='word_1_325' title='bbox 1725 3241 1801 3274; x_wconf 84' lang='lat' dir='ltr'>cod.</span> <span class='ocrx_word' id='word_1_326' title='bbox 1823 3244 1852 3274; x_wconf 90' lang='lat'>1.</span> <span class='ocrx_word' id='word_1_327' title='bbox 1883 3243 1994 3273; x_wconf 74' lang='lat' dir='ltr'>eaestat</span> <span class='ocrx_word' id='word_1_328' title='bbox 2022 3241 2122 3281; x_wconf 80' lang='lat' dir='ltr'>apud</span> <span class='ocrx_word' id='word_1_329' title='bbox 2145 3242 2188 3273; x_wconf 79' lang='lat' dir='ltr'>A.</span> <span class='ocrx_word' id='word_1_330' title='bbox 2204 3241 2244 3274; x_wconf 87' lang='lat' dir='ltr'>S.</span> 
     </span>
     <span class='ocr_line' id='line_1_46' title="bbox 353 3283 2243 3327; baseline 0.001 -13"><span class='ocrx_word' id='word_1_331' title='bbox 353 3283 390 3324; x_wconf 89' lang='lat' dir='ltr'>d)</span> <span class='ocrx_word' id='word_1_332' title='bbox 412 3284 481 3315; x_wconf 80' lang='lat' dir='ltr'>hac</span> <span class='ocrx_word' id='word_1_333' title='bbox 504 3287 536 3316; x_wconf 91' lang='lat'>1.</span> <span class='ocrx_word' id='word_1_334' title='bbox 658 3283 692 3326; x_wconf 83' lang='lat' dir='ltr'>e)</span> <span class='ocrx_word' id='word_1_335' title='bbox 728 3285 889 3316; x_wconf 71' lang='lat' dir='ltr'>veridica</span> <span class='ocrx_word' id='word_1_336' title='bbox 919 3285 957 3316; x_wconf 88' lang='lat' dir='ltr'>V.</span> <span class='ocrx_word' id='word_1_337' title='bbox 1070 3284 1101 3327; x_wconf 82' lang='lat' dir='ltr'>f)</span> <span class='ocrx_word' id='word_1_338' title='bbox 1136 3284 1319 3316; x_wconf 78' lang='lat' dir='ltr'>commisis</span> <span class='ocrx_word' id='word_1_339' title='bbox 1344 3287 1376 3316; x_wconf 91' lang='lat'>1.</span> <span class='ocrx_word' id='word_1_340' title='bbox 1508 3284 1546 3324; x_wconf 86' lang='lat' dir='ltr'>g)</span> <span class='ocrx_word' id='word_1_341' title='bbox 1579 3286 1733 3315; x_wconf 83' lang='lat' dir='ltr'>innuma</span> <span class='ocrx_word' id='word_1_342' title='bbox 1757 3287 1788 3316; x_wconf 91' lang='lat'>1.</span> <span class='ocrx_word' id='word_1_343' title='bbox 1821 3286 1914 3316; x_wconf 80' lang='lat' dir='ltr'>linea</span> <span class='ocrx_word' id='word_1_344' title='bbox 1937 3293 2045 3324; x_wconf 71' lang='lat' dir='ltr'>super</span> <span class='ocrx_word' id='word_1_345' title='bbox 2075 3293 2100 3316; x_wconf 89' lang='lat' dir='ltr'>u</span> <span class='ocrx_word' id='word_1_346' title='bbox 2131 3293 2243 3316; x_wconf 70' lang='lat' dir='ltr'>erana.</span> 
     </span>
     <span class='ocr_line' id='line_1_47' title="bbox 351 3325 2243 3369; baseline 0.001 -12"><span class='ocrx_word' id='word_1_347' title='bbox 351 3327 392 3367; x_wconf 90' lang='lat' dir='ltr'>h)</span> <span class='ocrx_word' id='word_1_348' title='bbox 415 3325 601 3367; x_wconf 75' lang='lat' dir='ltr'>asinisque</span> <span class='ocrx_word' id='word_1_349' title='bbox 625 3328 667 3369; x_wconf 79' lang='lat' dir='ltr'>A,</span> <span class='ocrx_word' id='word_1_350' title='bbox 693 3337 780 3360; x_wconf 84' lang='lat' dir='ltr'>corr.</span> <span class='ocrx_word' id='word_1_351' title='bbox 802 3328 843 3360; x_wconf 81' lang='lat' dir='ltr'>T.</span> <span class='ocrx_word' id='word_1_352' title='bbox 933 3328 959 3365; x_wconf 83' lang='lat' dir='ltr'>i)</span> <span class='ocrx_word' id='word_1_353' title='bbox 982 3327 1027 3358; x_wconf 76' lang='lat' dir='ltr'>ad</span> <span class='ocrx_word' id='word_1_354' title='bbox 1051 3331 1084 3360; x_wconf 88' lang='lat'>1.</span> <span class='ocrx_word' id='word_1_355' title='bbox 1180 3328 1221 3369; x_wconf 82' lang='lat' dir='ltr'>k)</span> <span class='ocrx_word' id='word_1_356' title='bbox 1243 3336 1341 3359; x_wconf 61' lang='lat' dir='ltr'>voces</span> <span class='ocrx_word' id='word_1_357' title='bbox 1363 3327 1435 3359; x_wconf 85' lang='lat' dir='ltr'>Dei</span> <span class='ocrx_word' id='word_1_358' title='bbox 1458 3328 1573 3367; x_wconf 68' lang='lat' dir='ltr'>patris</span> <span class='ocrx_word' id='word_1_359' title='bbox 1597 3336 1619 3358; x_wconf 74' lang='lat' dir='ltr'>a</span> <span class='ocrx_word' id='word_1_360' title='bbox 1643 3329 1675 3358; x_wconf 81' lang='lat' dir='ltr'><em>T</em></span> <span class='ocrx_word' id='word_1_361' title='bbox 1694 3327 1840 3359; x_wconf 81' lang='lat' dir='ltr'>additae</span> <span class='ocrx_word' id='word_1_362' title='bbox 1862 3331 1984 3366; x_wconf 69' lang='lat' dir='ltr'>postea</span> <span class='ocrx_word' id='word_1_363' title='bbox 2009 3336 2128 3360; x_wconf 72' lang='lat' dir='ltr'>erasae</span> <span class='ocrx_word' id='word_1_364' title='bbox 2151 3329 2243 3358; x_wconf 70' lang='lat' dir='ltr'>sum.</span> 
     </span>
    </p>
   </div>
   <div class='ocr_carea' id='block_1_9' title="bbox 2270 378 2456 419">
    <p class='ocr_par' dir='ltr' id='par_1_9' title="bbox 2270 378 2456 419">
     <span class='ocr_line' id='line_1_48' title="bbox 2270 378 2456 419; baseline 0.022 -8"><span class='ocrx_word' id='word_1_365' title='bbox 2270 378 2286 396; x_wconf 86' lang='lat'>*</span> <span class='ocrx_word' id='word_1_366' title='bbox 2304 379 2372 419; x_wconf 83' lang='lat' dir='ltr'>fol.</span> <span class='ocrx_word' id='word_1_367' title='bbox 2391 378 2456 415; x_wconf 74' lang='lat'>32‘.</span> 
     </span>
    </p>
   </div>
   <div class='ocr_carea' id='block_1_10' title="bbox 2269 1832 2456 1883">
    <p class='ocr_par' dir='ltr' id='par_1_10' title="bbox 2269 1832 2456 1883">
     <span class='ocr_line' id='line_1_49' title="bbox 2269 1832 2456 1883; baseline 0.016 -10"><span class='ocrx_word' id='word_1_368' title='bbox 2269 1841 2286 1860; x_wconf 76' lang='lat'>*</span> <span class='ocrx_word' id='word_1_369' title='bbox 2303 1843 2371 1883; x_wconf 78' lang='lat' dir='ltr'><strong><em>soz.</em></strong></span> <span class='ocrx_word' id='word_1_370' title='bbox 2389 1832 2456 1876; x_wconf 53' lang='lat' dir='ltr'>33.L</span> 
     </span>
    </p>
   </div>
  </div>
 </body>
</html>
