2456 4036
368 284 450 327 186
795 280 1130 324 THIETMARI
1161 279 1378 324 CHRON.
1438 281 1552 324 LIB.
1584 282 1673 325 VII
1704 283 1820 336 (VI).

210 419 333 462 1013.
367 409 485 460 dem
510 426 541 460 a
558 408 764 460 Gerone
790 407 1154 474 archipresule
1173 425 1293 459 cum
1310 424 1570 460 consensu
1587 412 1641 460 et
1658 409 1859 461 auxilio
1878 410 2246 479 episcoporum

367 479 700 532 Ekkihardil
739 487 791 530 et
830 476 1124 544 Thurgati2
1162 477 1366 530 Unwan
1404 480 1623 545 ungitur
1660 479 2040 534 archiantistes
2055 481 2150 537 ⁸²·3.

108 565 348 604 Annoueffl.
508 551 591 605 30.
655 550 724 600 Et
760 549 1095 615 interpositis
1134 548 1322 602 diebus
1360 551 1545 618 paucis
1583 551 1781 604 Miseco
1819 552 2071 605 Bolizlavi
2107 552 2248 606 filius

366 639 484 673 cum
522 621 728 687 magnis
777 621 992 671 veniens
1038 621 1348 673 muneribus
1386 623 1528 689 regis
1566 621 1798 675 efficitur
1835 629 1889 675 et
1925 623 2084 677 fidem
2127 642 2247 677 cum

365 699 701 745 sacramento
757 689 950 744 firmat.
1047 691 1255 744 Dehinc
1301 710 1420 744 cum
1466 693 1671 746 honore
1717 711 1907 762 magno
1959 697 2250 749 remittitur

365 771 431 825 et,
480 769 540 815 ut
584 763 776 814 iterum
817 763 1044 826 veniret,
1091 762 1401 816 delectatur.
1484 765 1548 817 In
1587 764 1692 818 hiis
1732 765 1920 819 diebus
1956 771 2248 836 tempestas

365 852 559 901 magna
596 839 718 900 post
756 834 883 886 solis
929 851 1174 887 occasum
1227 836 1452 904 contigit
1502 854 1566 889 ac
1604 854 1918 890 omnesnos
1961 838 2247 891 admodum

362 905 614 958 turbavit.
697 905 880 957 Diruit
924 923 1154 974 namque
1199 907 1513 960 aecclesiam
1560 913 1714 961 extra
1766 908 1952 962 urbem
2003 911 2249 977 positam,

365 994 501 1046 quae
539 976 605 1028 de
643 975 805 1028 rubro
844 978 988 1029 facta
1039 983 1121 1030 est
1156 978 1299 1046 ligno
1354 985 1607 1046 regnante
1651 981 1825 1049 primo
1872 980 2082 1037 Ottone.
2163 981 2252 1034 In-

364 1047 609 1100 cendium
641 1065 852 1117 quoque
890 1049 1123 1116 plurima
1152 1050 1536 1119 archipresulis
1570 1051 1712 1103 bona
1745 1055 2088 1120 consumpsit.
2163 1053 2253 1106 In-

107 1121 336 1204 Veffgfffn·
364 1138 523 1189 super
554 1121 728 1187 regias
757 1122 997 1188 pervenit
1027 1121 1096 1173 ad
1126 1139 1298 1186 aures,
1339 1122 1484 1190 quod
1516 1141 1678 1192 nepos
1708 1141 1857 1176 meus
1892 1123 2252 1178 Wirinharius

142 1208 305 1248 1X,395.
363 1210 484 1244 cum
522 1191 836 1244 Ekkihardo
883 1191 1216 1245 *Hirimanni
1255 1194 1577 1246 marchionis
1616 1195 1783 1248 fratre
1825 1195 1894 1248 ad
1925 1195 2253 1249 Bolizlavum
2279 1215 2296 1234 *

365 1265 480 1316 sine
519 1263 744 1315 licencia
781 1265 1057 1331 pergeretb
1103 1264 1407 1334 ibidemque
1455 1266 1628 1318 multa
1664 1267 1868 1335 gratiae
1906 1269 2101 1321 suimet
2130 1284 2254 1320 con-

365 1335 536 1388 traria
558 1335 902 1403 loquereturb
929 1337 1148 1404 eiusque
1183 1339 1404 1390 nuncios
1436 1338 1521 1390 hic
1545 1355 1670 1404 sepe
1686 1339 1740 1390 in
1758 1343 1962 1392 secreto
1981 1339 2253 1393 haberetb.

367 1408 480 1460 Hoc
517 1425 672 1460 omne
720 1425 814 1459 rex
851 1408 1088 1475 graviter
1134 1409 1431 1476 suscipiens
1483 1417 1739 1478 utrosque
1785 1411 1839 1463 in
1886 1429 2039 1463 suam
2077 1411 2255 1464 venire

363 1480 690 1548 presentiam
721 1480 892 1533 iussit.
967 1480 1028 1532 Id
1060 1498 1182 1532 cum
1213 1480 1389 1533 facere
1420 1498 1526 1534 non
1558 1481 1830 1546 auderent,
1863 1483 2255 1552 comprehensis

365 1551 612 1603 omnibus
652 1552 847 1603 suimet
886 1551 1053 1616 boniS‚
1102 1560 1162 1603 ut
1200 1553 1379 1620 regiae
1421 1554 1678 1622 potestati
1722 1555 2051 1619 resisterent,
2100 1553 2255 1607 diffa-

366 1628 594 1677 mantur.
689 1623 928 1675 Tandem
980 1640 1147 1692 nepos
1200 1642 1349 1676 meus
1404 1625 1634 1691 gratiam
1685 1632 1739 1678 et
1789 1626 2081 1679 incolatum
2135 1644 2255 1679 cum

364 1695 553 1762 predio
605 1696 799 1747 suimet
849 1701 901 1748 et
951 1712 1084 1748 auro
1134 1698 1475 1765 comparavit.
1563 1697 1713 1750 Alter
1758 1715 1881 1750 vero
1931 1698 2088 1767 longe
2135 1703 2257 1767 post

107 1782 488 1822 Ann.Que‹11.cum
547 1765 694 1819 fideli
762 1767 1064 1820 interventu
1135 1769 1454 1822 restituitur.
1566 1767 1790 1840 [Eodem
1849 1787 1988 1822 anno
2049 1769 2262 1822 Wonlef

161 1855 269 1888 Mart.
288 1857 338 1888 18.
363 1839 624 1891 heremita
663 1843 717 1891 et
756 1857 910 1891 verus
951 1838 1273 1892 Israhelita⁴
1315 1840 1427 1894 XV.
1462 1840 1580 1895 Kal.
1612 1841 1846 1910 Aprilis5
1885 1838 2058 1912 obiit]

160 1928 341 1960 rebam.
509 1913 593 1965 31.
634 1910 768 1982 (55.)
829 1911 890 1962 In
937 1912 1182 1978 proxima
1221 1911 1384 1964 XLma
1429 1929 1523 1965 rex
1563 1912 1633 1964 ad
1677 1912 1854 1965 Werlu
1903 1913 2118 1966 veniens
2162 1913 2258 1966 diu

107 1999 347 2038 Annonem.
366 1983 535 2035 colica
571 1983 821 2052 passione
863 1981 985 2054 [ibi]
1023 1982 1331 2036 infirmatur
1365 1989 1419 2036 et
1450 1982 1703 2055 “[multass
1734 2002 1829 2052 per
1860 1985 2121 2038 visionem
2153 1984 2256 2037 sibi
2281 2002 2298 2020 *
2327 2017 2328 2020 =
2362 1986 2378 2028 ι’

364 2054 602 2107 revelata
641 2053 806 2126 sunt].
893 2055 975 2107 Ad
1015 2055 1258 2107 ultimum
1299 2055 1538 2108 lacrimis
1576 2061 1630 2109 et
1675 2057 1922 2109 oracione
1968 2057 2257 2115 multorum

367 2126 762 2190 convalescenS,
809 2128 937 2194 quia
975 2128 1030 2179 in
1069 2133 1181 2179 tam
1219 2127 1367 2180 brevi
1406 2128 1687 2180 intervallo
1727 2128 1797 2180 ad
1833 2127 2256 2197 predestinatum

194 2215 283 2254 Apr.
307 2215 340 2248 5.
365 2216 471 2251 non
500 2199 670 2251 valuit
700 2200 976 2266 pervenire
1014 2199 1241 2262 locumss,
1280 2200 1532 2268 paschale
1570 2199 1767 2253 festum
1807 2218 1925 2253 cum
1959 2200 2257 2254 Meinverco

366 2270 470 2323 sibi
515 2270 802 2323 admodum
848 2270 1106 2324 familiari
1153 2271 1209 2323 in
1247 2271 1666 2324 Pathebrunnan
1710 2272 1874 2340 digna
1911 2273 2258 2326 veneracione

183 2361 341 2392 marm.
368 2343 595 2411 peregit3
635 2347 979 2411 pentecosten
1021 2349 1199 2396 autem
1231 2342 1528 2399 nobiscum.
1606 2344 1663 2396 In
1703 2345 1854 2396 cuius
1893 2344 2078 2412 vigilia
2118 2344 2259 2396 Boli-

110 2409 350 2486 Annfiffiffi‘}
370 2415 571 2467 *zlavus
611 2432 730 2467 cum
769 2415 1058 2467 securitate
1095 2414 1342 2467 obsidum
1389 2415 1533 2484 apud
1571 2433 1627 2468 se
1659 2416 1969 2469 relictorum
2011 2417 2167 2481 venit,
2209 2420 2262 2469 et

181 2504 341 2536 marm.
369 2488 569 2555 optime
615 2486 922 2555 suscipitur.
1011 2486 1070 2538 In
1119 2486 1206 2539 die
1252 2492 1437 2540 sancto
1483 2486 1732 2540 manibus
1778 2487 2063 2556 applicatis
2108 2487 2261 2541 miles

367 2557 599 2611 efficitur
650 2558 731 2610 *et
769 2564 892 2625 post
928 2563 1268 2611 sacramenta
1314 2560 1428 2629 regi
1472 2559 1542 2612 ad
1579 2559 1893 2612 aecclesiam
1941 2564 2133 2612 ornato
2178 2560 2255 2613 in—
2282 2576 2299 2594 *
2333 2591 2367 2601 ιι

181 2647 270 2680 Mai.
286 2647 343 2680 25.
368 2630 580 2683 cedenti
603 2631 836 2698 armiger
859 2629 1090 2683 habetur
1101 2630 1140 2686 7.
1180 2631 1243 2682 In
1268 2630 1338 2686 II.
1355 2630 1493 2684 feria
1515 2648 1696 2699 regem
1721 2631 1928 2699 magnis
1951 2631 2259 2685 muneribus

369 2701 402 2754 a
447 2720 503 2755 se
550 2707 604 2756 et
649 2721 682 2755 a
728 2702 1014 2755 contectali
1060 2720 1159 2755 sua
1212 2702 1408 2756 oblatis
1460 2703 1693 2771 placavit
1751 2702 2049 2772 deindeque
2111 2704 2260 2771 regia

366 2774 620 2843 largitate
673 2774 757 2826 his
811 2775 1035 2827 meliora
1088 2792 1151 2827 ac
1203 2774 1374 2828 multa
1425 2776 1636 2828 maiora
1689 2793 1810 2828 cum
1861 2774 2111 2828 benefitio
2165 2775 2260 2828 diu

370 2845 678 2899 desiderato
721 2844 997 2918 [suscepit]
1041 2846 1122 2900 *et
1151 2846 1363 2900 obsides
1395 2865 1519 2900 suos
1558 2865 1679 2900 cum
1723 2847 1927 2900 honore
1959 2852 2012 2899 et
2043 2847 2261 2900 laeticia

367 2919 591 2971 remisit.
658 2918 783 2971 Post
812 2918 945 2971 haec
976 2936 1097 2971 vero
1129 2918 1353 2971 Ruciam
1383 2919 1581 2972 nostris
1621 2918 1690 2970 ad
1729 2919 1832 2971 hoc
1868 2918 2259 2972 auxiliantibus

367 2990 546 3060 petiit3
587 2995 642 3043 et
677 3008 873 3058 magna
909 2991 1144 3058 regionis
1182 2991 1327 3043 illius
1360 2995 1513 3060 parte
1546 2997 1772 3052 vastata,
1814 3008 1934 3044 cum
1973 2992 2260 3044 commotio

369 3065 511 3115 inter
563 3079 686 3115 suos
738 3068 790 3115 et
841 3063 1079 3129 hospites
1130 3061 1478 3131 Pezineigos8
1527 3062 1701 3128 fieret,
1757 3062 1967 3115 eosdem
2021 3063 2261 3131 quamvis

371 3136 566 3187 suimet
603 3134 842 3187 fautores
881 3135 1042 3197 iussit
1078 3134 1306 3188 interfici
1344 3152 1543 3190 omneS.

372 3227 407 3269 a)
446 3227 655 3260 archiantes
678 3230 721 3269 B,
759 3227 999 3260 archIantites
1022 3237 1112 3260 corr.
1132 3229 1172 3261 T.
1283 3226 1323 3269 b)
1358 3230 1560 3268 pergerent
1577 3246 1618 3251 —-
1642 3229 1877 3268 loquerentur
1898 3245 1940 3251 —
1962 3227 2141 3260 haberent
2170 3238 2261 3260 corr.

370 3275 539 3311 pergeret
562 3289 603 3294 --
625 3272 836 3311 loqueretur
859 3289 900 3293 —
924 3271 1078 3303 haberet
1109 3273 1140 3304 1.
1243 3270 1276 3313 c)
1311 3271 1428 3303 multa
1450 3289 1492 3294 —
1517 3274 1602 3303 sunt
1631 3273 1669 3303 in
1699 3274 1770 3303 loco
1799 3281 1881 3303 raso
1905 3272 1936 3303 T
1957 3273 2080 3312 postea
2109 3270 2263 3313 addidit,

373 3324 476 3354 quam
498 3325 549 3356 ea,
572 3324 662 3355 quae
684 3317 887 3355 sequuntur,
910 3315 1063 3355 scripsit.

374 3381 415 3429 1)
465 3380 788 3424 Sleswicensz's.
847 3381 905 3425 L.
1053 3380 1097 3430 2)
1147 3378 1329 3424 Scarae.
1388 3382 1444 3423 L.
1589 3378 1635 3433 3)
1683 3380 1774 3432 Qui
1798 3380 1915 3424 sedit
1945 3381 2263 3424 1013—1029.

375 3439 418 3482 4)
452 3437 582 3491 Conf.
606 3438 706 3481 Ioh.
732 3439 770 3489 1,
795 3438 872 3488 473
902 3439 1049 3482 notior
1074 3437 1272 3481 nominis
1294 3436 1475 3480 Wonlef
1499 3438 1614 3488 (sive
1636 3436 1906 3489 Wunnileif)
1934 3451 1989 3481 ea
2011 3443 2077 3482 est
2088 3436 2263 3492 form-a,

379 3508 494 3550 quae
535 3495 662 3549 apud
704 3494 956 3539 Germanos
996 3494 1363 3550 septentrionalis
1401 3496 1450 3538 in
1491 3509 1582 3539 usu
1619 3494 1726 3549 fuit,
1767 3509 1827 3539 sc.
1861 3493 1977 3538 olaf.
2104 3494 2150 3548 5)
2187 3495 2264 3539 Em

377 3553 555 3596 Necrol.
595 3554 737 3596 Mers.
869 3555 913 3606 6)
955 3552 1282 3609 Aquasyran2‘3
1327 3566 1368 3596 v.
1407 3555 1529 3597 A-mz.
1570 3552 1804 3605 Quecllinb.
1936 3553 1980 3606 7)
2019 3554 2061 3596 I.
2093 3566 2129 3596 e.
2159 3558 2264 3597 ante

375 3622 522 3662 reqem
565 3611 775 3654 incedens
818 3611 1026 3666 qladium
1076 3611 1202 3654 illius
1240 3611 1444 3665 portavit
1456 3626 1470 3664 ‚·
1526 3610 1583 3662 cf.
1629 3608 1831 3654 ‘Jahrb.'
1881 3611 1953 3664 II,
1992 3611 2098 3662 396,
2139 3623 2185 3654 η.
2224 3611 2264 3654 1.

376 3667 420 3715 8)
463 3667 782 3720 Petscheneffl',
820 3681 931 3723 qens·
963 3668 1140 3711 Hum'ci
1174 3668 1265 3712 sive
1297 3667 1529 3712 Tartaricz‘
1562 3667 1771 3723 originis,
1810 3668 1891 3723 qui
1925 3668 1974 3711 in
2012 3667 2269 3724 aquilonari

2415 1719 2431 1863 wau—„ezr-
2417 1675 2422 1701 ,μ
2418 1631 2423 1645 -
2417 1539 2427 1614 mm..
2418 1492 2425 1520 ..ff
2418 1430 2427 1479 ,,-,,
2422 1186 2425 1195 .,

2411 3351 2421 3372 .·.
2411 3311 2415 3336 q
2412 3276 2414 3297 „⁴
2411 3184 2417 3221 -,,-
2411 3149 2417 3174 ,ψ
2412 3127 2418 3136 Τ
2412 3044 2414 3048 «
2414 2921 2419 2943 m

2411 3517 2417 3526 .-
2415 3499 2417 3510 ᾈ
2407 3410 2419 3478 ,un-y·-
