2456 4036
676 207 1012 254 THIETMARI
1042 210 1258 256 CHRON.
1316 212 1430 257 LIB.
1460 212 1513 256 V.
1939 216 2019 261 109

156 334 416 402 applicuit
432 333 466 397 ¹,
504 346 681 386 tamen
714 351 830 386 cum
863 337 947 388 sui
978 339 1185 404 nepotis
1216 337 1491 392 Heinrici2
1518 339 1716 392 auxilio
1746 339 2016 407 adeptusa.
2052 352 2173 395 1002.

156 405 330 458 Huius
381 403 604 456 consilio
658 404 766 455 dux
817 407 1081 473 quendam
1130 409 1351 463 militem
1406 410 1476 462 ad
1534 411 1823 475 civitatem,
1884 429 2019 479 quae

157 475 338 528 Werlu
375 475 586 538 dicitur,
625 473 696 526 ad
731 484 913 543 neptes
945 495 1084 542 suaS,
1125 497 1431 534 consorores
1464 480 1724 550 Sophyam
1757 486 1810 534 et
1840 482 2020 535 Ethel-

156 545 420 610 heidam3,
466 549 520 597 et
556 544 626 597 ad
665 561 862 609 omnes,
908 549 1002 617 qui
1039 555 1165 603 tunc
1202 551 1277 603 ibi
1314 558 1682 616 convenerunt,
1727 553 1875 620 regni
1914 554 2020 620 pri-

156 617 356 671 matesb
408 616 567 668 misit.
659 615 760 678 Qui
812 618 1053 672 omnibus
1104 622 1160 673 in
1211 639 1372 674 unum
1426 623 1661 676 collectis
1704 624 2020 691 legationem

157 705 308 741 suam
359 687 570 756 aperuit
626 686 1112 758 auxiliantibusque
1175 691 1387 745 domino
1447 695 1642 746 suimet
1688 694 1758 747 ad
1801 712 2021 762 regnum

155 759 294 812 bona
330 758 561 827 plurima
598 758 861 823 promisit.
938 759 1037 812 Cui
1075 780 1196 813 mox
1231 780 1263 814 a
1294 765 1522 817 maxima
1551 765 1892 818 multitudine
1922 782 2022 818 vox

157 847 265 883 una
293 828 580 896 respondit,
612 827 920 881 Heinricum
949 830 1146 884 Christi
1178 833 1442 887 adiutorio
1474 842 1527 887 et
1556 836 1671 888 iure
1702 835 2021 890 hereditario

156 906 523 970 regnaturum3
555 916 610 952 se
639 906 886 967 paratos0
917 901 985 952 ad
1015 904 1206 967 omnia,
1245 922 1380 972 quae
1412 905 1515 958 sibi
1544 924 1794 975 umquam
1826 908 2023 960 scirent

158 989 272 1026 esse
308 970 622 1024 voluntaria.
696 970 916 1038 Hocque
954 972 1155 1026 dextris
1185 975 1430 1028 manibus
1462 977 1678 1030 elevatis
1708 977 2020 1032 affirmatur.

299 1043 348 1095 4.
398 1040 494 1112 (3.)
566 1041 914 1094 Ekkihardus
960 1061 1078 1095 cum
1125 1047 1257 1108 suis,
1311 1048 1436 1113 quia
1479 1065 1694 1114 presens
1742 1067 1847 1101 non
1892 1054 2021 1114 erat,

158 1114 408 1167 simulata
444 1118 572 1165 tunc
608 1113 884 1179 paciencia
921 1112 1021 1166 hoc
1056 1117 1291 1183 pertulit,
1333 1118 1458 1185 quia
1490 1119 1742 1186 quicquid
1773 1126 2023 1186 peccatur

158 1204 191 1238 a
228 1185 423 1247 multiS,
462 1189 521 1236 ut
558 1185 822 1252 scriptura
859 1190 1104 1249 testatur,
1144 1187 1371 1239 inultum
1411 1192 1506 1242 est.
1577 1189 1808 1257 Vespere
1845 1196 2021 1244 autem

159 1257 267 1309 iam
311 1255 478 1318 facto,
524 1272 643 1307 cum
687 1255 910 1324 prefatis
955 1256 1222 1309 dominis*
1267 1259 1320 1310 in
1367 1276 1557 1327 magna
1600 1260 1791 1312 domud
1835 1261 2023 1315 sedilia

130 1327 358 1380 .*auleis
388 1331 581 1379 ornata
612 1331 664 1378 et
692 1344 878 1379 mensa
909 1332 1048 1380 esset
1076 1329 1239 1381 variis
1271 1329 1403 1381 cibis
1433 1331 1644 1395 referta,
1683 1331 2024 1386 Ekkihardus

157 1398 379 1452 eandem
426 1414 790 1467 preoccupans
854 1415 968 1450 cum
1031 1399 1254 1452 Arnulfo
1311 1402 1554 1469 episcopo
1610 1407 1662 1454 et
1716 1403 2022 1456 Bernhardo

157 1470 291 1522 duce
327 1469 404 1521 ibi
442 1469 703 1538 epulatur.
778 1469 910 1521 Ante
946 1470 1156 1521 ruinam
1193 1472 1328 1523 enim
1364 1473 1678 1524 eoealtabitur
1716 1493 1800 1526 cor
1833 1483 1878 1526 et
1907 1483 2023 1527 ante
2045 1489 2277 1529 Prov·18‚12·

155 1541 380 1612 ylo‘m’am
408 1540 786 1593 humiliabitur.
841 1540 991 1603 Quod
1014 1546 1243 1594 mentem
1267 1560 1605 1596 consororum
1640 1545 1786 1612 prius
1817 1545 2022 1598 tristem

158 1618 502 1680 caeterosque
556 1611 876 1679 complureS,
932 1613 1024 1680 qui
1075 1613 1385 1678 interfuere,
1439 1615 1663 1667 multum
1717 1616 2020 1681 commovit,

156 1689 546 1751 renovaturque
590 1683 645 1734 in
690 1682 915 1735 eundem
960 1683 1139 1735 odium
1186 1684 1276 1736 diu
1323 1685 1572 1749 celatum,
1623 1686 1716 1738 sed
1761 1687 1884 1751 cito,
1930 1703 2023 1755 pro

159 1754 328 1808 dolor!
391 1753 681 1807 finiturum.
772 1754 1013 1822 Namque
1068 1773 1186 1807 cum
1239 1756 1509 1823 predictus
1560 1756 1794 1809 marchio
1847 1759 2025 1810 omnia

158 1827 328 1891 aliter,
368 1843 525 1894 quam
567 1823 885 1897 [uquuam0
924 1832 1179 1893 speraret,
1226 1827 1300 1879 ibi
1339 1828 1615 1894 provenire
1651 1828 2023 1895 prospexisset,

159 1898 418 1967 optimum
448 1896 616 1959 duxit,
653 1901 714 1949 ut
745 1896 1098 1950 occidentales
1128 1898 1344 1951 visendo
1375 1899 1615 1966 regiones
1645 1899 2025 1951 Herimannum

158 1968 346 2022 ducem
385 1985 502 2020 cum
543 1969 769 2021 caeteris
807 1969 1154 2038 optimatibus
1191 1969 1256 2022 de
1293 1970 1371 2022 rei
1407 1969 1618 2038 publice
1656 1972 1843 2038 suique
1888 1987 2026 2022 com-

158 2039 417 2092 moditate
454 2039 830 2108 alloqueretur.
913 2039 1174 2093 Salutatis
1217 2046 1430 2109 postera
1474 2040 1559 2092 die
1606 2041 1715 2093 suis
1751 2041 2027 2094 familiari-

157 2111 258 2163 bus
324 2111 657 2179 inimicisque
715 2116 871 2164 caute
921 2113 1119 2164 notatis
1185 2129 1304 2164 cum
1362 2111 1706 2164 Bernwardof
1759 2112 2029 2164 antistiteg

159 2182 530 2235 Hillinishemh
551 2182 709 2246 venit,
741 2181 834 2235 ubi
856 2188 916 2235 ut
937 2201 1032 2235 rex
1056 2184 1342 2252 suscipitur
1365 2182 1757 2251 honorificeque
1786 2183 2026 2235 habetur.

300 2257 349 2308 5.
416 2253 614 2306 Deinde
671 2253 740 2306 ad
788 2254 1245 2307 Pathelbrunnani
1297 2272 1520 2322 pergens
1575 2254 1787 2307 clausas
1830 2254 2030 2306 invenit

158 2330 340 2394 portas
399 2329 453 2377 et
506 2325 654 2377 iussu
707 2325 1026 2379 venerabilis
1079 2326 1321 2379 Retharii
1376 2324 1638 2394 presulis4
1696 2326 2029 2378 intromissus

159 2396 331 2464 primo
381 2396 660 2449 ecclesiam
699 2414 862 2450 causa
908 2398 1170 2451 oracionis
1208 2398 1376 2450 intrat
1425 2403 1649 2466 postque
1688 2396 1757 2448 ad
1801 2396 2027 2459 domum,

159 2466 251 2520 ubi
288 2468 569 2536 episcopus
607 2467 854 2534 cenabat,
904 2469 1117 2522 veniens
1157 2469 1432 2521 caritative
1470 2473 1744 2535 susceptus
1780 2472 1874 2522 est.
1949 2467 2031 2519 Ibi

158 2544 287 2592 tunc
329 2538 707 2592 interdictumk
751 2544 832 2592 est
876 2540 1017 2604 huic,
1065 2539 1209 2609 quod
1254 2539 1574 2607 colloquium
1619 2540 1674 2591 in
1713 2537 2029 2605 Diusburg⁵‚

161 2610 313 2663 cuius
345 2610 518 2677 gratia
547 2610 651 2662 huc
681 2616 913 2676 venerat,
952 2610 1067 2664 fieri
1098 2611 1244 2664 nullo
1275 2610 1431 2663 modo
1461 2611 1734 2678 potuisset.
1809 2610 2032 2678 Insuper

129 2681 559 2745 .animadvertit,
610 2681 865 2735 *multum
923 2682 1202 2752 displicere
1251 2682 1504 2735 antistiti¹
1551 2681 1617 2734 de
1662 2682 1872 2749 incepto
1918 2681 2031 2732 eius

161 2753 566 2807 inconvenienti.
655 2753 725 2806 Et
774 2759 992 2822 propter
1042 2754 1143 2807 hoc
1196 2753 1402 2818 abiens,
1455 2770 1574 2805 cum
1627 2753 1695 2805 ad
1740 2751 2030 2816 Northeim,

163 2823 403 2892 Sigifridi
450 2825 660 2878 comitis
710 2829 940 2891 curtem,
1003 2826 1233 2889 veniret,
1294 2824 1575 2893 diligenter
1625 2827 1901 2889 susceptus
1953 2828 2032 2875 est

257 2951 302 3007 *)
337 2952 596 2997 dominabus
627 2968 660 2997 s.
693 2951 767 3006 (=
796 2952 976 3009 Sophia)
1008 2956 1054 2998 et
1085 2967 1119 2998 e.
1153 2953 1224 3007 (=
1247 2953 1543 3006 Ethelheidis)
1581 2954 1615 2996 V
1621 2968 1634 3006 ,·
1665 2965 1779 3007 quae
1810 2952 1858 2994 in
1889 2951 1983 2994 cod.
2007 2952 2033 2994 2

331 3023 422 3054 non
455 3011 762 3055 inveniuntur.

164 3121 200 3162 a)
229 3123 460 3163 supplendum
482 3132 558 3154 cum
580 3122 622 3154 A.
641 3123 679 3155 S.
705 3124 729 3155 l.
746 3124 791 3156 Ζ..·
815 3126 881 3157 est.
923 3126 964 3156 L.
1066 3123 1105 3164 b)
1126 3124 1291 3164 primatis]
1314 3123 1355 3154 A.
1454 3122 1488 3164 c)
1510 3125 1649 3162 peratos
1672 3123 1714 3154 A.
1803 3119 1838 3160 d)
1862 3118 1965 3150 domo
1998 3120 2033 3151 V.

165 3167 198 3204 e)
227 3174 336 3205 quam
359 3174 468 3205 quam
484 3176 554 3206 pro
576 3166 729 3206 simplici
752 3175 860 3206 quam
883 3177 950 3199 ser.
967 3166 1012 3205 A,
1050 3175 1155 3206 quam
1180 3175 1349 3206 umquam
1370 3168 1486 3205 postea
1508 3174 1594 3197 corr.
1615 3166 1654 3196 Τ.
1764 3163 1794 3204 f)
1834 3173 1857 3194 n
1880 3172 1902 3193 a
1928 3162 1959 3192 T
1976 3161 2035 3192 ad-

164 3207 274 3240 ditum
295 3209 566 3241 denuo-erasum
589 3211 647 3241 est.
766 3211 804 3247 g)
827 3210 960 3241 antiste
981 3210 1023 3249 A,
1046 3219 1132 3241 corr.
1159 3211 1195 3242 V.
1311 3207 1354 3248 h)
1377 3208 1615 3239 Hildenshem
1639 3208 1674 3239 V.
1793 3204 1820 3245 1)
1843 3206 1855 3236 l
1878 3214 1900 3236 α
1925 3205 1956 3237 Τ
1974 3205 2037 3236 ad·

165 3251 409 3325 ἱῐὲἰνῖωΤάεηιιο
431 3261 566 3284 erasum
588 3254 648 3284 est.
749 3251 791 3294 k)
813 3253 910 3284 inter
933 3261 1066 3284 erasum
1083 3254 1120 3292 13
1142 3251 1378 3284 interdictum
1395 3252 1427 3290 2,
1449 3250 1583 3282 dictum
1606 3250 1647 3283 A.
1667 3250 1702 3282 S.
1800 3247 1828 3288 1)
1850 3248 1975 3279 antisti
1995 3248 2036 3288 A,

169 3379 210 3433 1)
241 3381 281 3424 I.
314 3393 349 3424 e.
381 3385 661 3425 sacramento
692 3381 872 3425 Werlae
902 3381 1052 3424 iurato
1083 3380 1187 3431 (IV,
1212 3381 1286 3430 52)
1312 3379 1456 3432 fidelis
1478 3376 1746 3422 Liutharius
1769 3377 2035 3421 Heinricum

167 3437 366 3481 nondum
388 3451 533 3492 regem
555 3438 751 3492 aynovit.
832 3437 875 3490 2)
910 3437 1350 3490 Schweinfurtensis;
1376 3434 1433 3489 cf.
1456 3434 1582 3489 infra
1606 3448 1643 3479 c.
1660 3436 1728 3479 14.
1808 3435 1852 3485 3)
1884 3434 2039 3478 Filiae

158 3494 356 3546 fuerunt
379 3494 553 3540 Ottonis
567 3496 637 3538 II.
662 3496 961 3549 imperatoris,
972 3494 1221 3547 fratruelis
1243 3493 1410 3537 scilicet
1434 3492 1562 3536 ducis
1579 3491 1787 3535 Heinrici
1806 3491 1951 3534 rixosi
1984 3492 2038 3534 L.

175 3549 218 3602 4)
251 3552 478 3607 Episcopi
506 3553 701 3597 Paderb.
733 3552 1004 3596 983-1009.
1121 3551 1163 3603 5)
1199 3550 1447 3604 Ditisburq.

0 3544 4 3553 ,

0 3564 2 3578 l

0 3634 2 3651 ,ν

0 3653 2 3681 l

0 3692 1 3709 ι
