2456 4036
75 118 114 317 *2fflw
80 0 118 108 θῇ

66 852 86 918 ἥ-ῐγ
67 639 86 845 '‘quency-w&
68 571 87 635 ‹vt-⁶75
68 499 81 566 »m«.-

128 930 135 941 1
156 936 166 947 .
183 913 259 947 192.

58 3381 76 4036 --x-mw·-2-2fflt—ffl-o-—wwaeffl*-u-⁴
60 3336 69 3361 2.
62 3139 66 3142 ν
71 3109 75 3114 Δ
60 3077 68 3092 v.

99 3960 107 3987 :⁴
91 3911 105 3918 ι·
96 3802 109 3809 χ
102 3687 104 3690 .
102 3393 108 3396 .
96 3326 104 3348 ν’
88 3201 110 3267 ;·Ἶ

700 205 1039 252 THIETMARI
1070 209 1287 255 CHRON.
1346 213 1458 257 LIB.
1489 213 1555 257 IX
1586 214 1747 268 (VIII).
2078 221 2164 264 257

284 329 539 410 damnum
574 329 692 410 ‘hoc
744 349 810 384 ex
861 349 1123 388 consensu
1176 336 1354 389 divino
1406 338 1611 392 factum
1655 346 1758 404 est,
1813 343 1936 409 quis
1983 350 2164 410 potest

284 400 505 454 ulcisci?
543 417 626 453 sm
655 405 855 467 autem,
893 405 1013 471 quis
1043 405 1368 461 vindicatore
1405 410 1785 463 insanabiliora
1816 412 1939 465 illo‘?
2011 412 2164 467 Nunc

284 476 347 524 ut
390 475 607 551 sanctus
653 471 823 524 abbab
868 473 1233 530 Columbanus
1277 479 1333 530 in
1378 485 1548 532 morte
1591 482 1771 549 magni
1816 482 2165 551 inperatoris⁰

286 540 470 595 Caroh
497 540 627 594 feelt
642 541 677 606 ¹,
710 543 789 595 ita
818 561 914 596 nos
944 547 1263 615 strinyamus
1286 549 1535 603 lacrimas
1556 570 1821 622 precesque
1836 554 2164 622 fundamusd

283 611 563 682 proficuas,

427 683 511 737 31.
559 682 694 751 (16.)
764 682 876 735 Nec
923 685 1209 738 tacendum
1258 692 1361 752 est,
1412 690 1554 757 quod
1602 691 1658 743 in
1703 692 1899 745 Ruscia
1944 694 2164 762 contigit

282 752 505 822 lugubre
550 752 821 806 damnum.
910 754 1210 809 Bolizlavus
1254 775 1484 827 namque
1531 778 1644 813 eam
1692 762 1883 830 grandi
1928 766 2163 818 exercitu

280 824 445 894 peciit
487 824 819 892 multumque
868 824 915 876 ei
961 830 1147 879 nostro
1193 826 1391 881 famine
1429 832 1611 883 nocuit
1625 832 1662 884 2.
1745 832 1928 886 Mense
1967 835 2160 887 etenim

2195 354 2318 399 1018.

282 894 422 948 Iulio
461 886 516 947 et
551 894 642 946 XI.
669 894 790 947 Kal.
816 894 947 963 Aug.
984 896 1289 961 predictuse
1328 899 1436 952 dux
1473 901 1542 953 ad
1580 902 1874 969 *quendam
1904 903 2161 957 fluvium3
2184 919 2254 954 1u1.
2273 922 2327 955 22.

279 966 496 1019 veniens
561 965 760 1018 ibidem
821 967 1111 1019 exercitum
1180 969 1375 1022 suimet
1431 975 1804 1025 castrametari
1870 980 2163 1044 pontesque

279 1036 610 1090 necessarios
649 1053 844 1103 parare
881 1036 1044 1092 iubet.
1120 1038 1277 1091 quta
1313 1058 1472 1107 quem
1511 1059 1605 1095 rex
1634 1043 2010 1096 Ruscorumf·⁴¹
2043 1062 2163 1098 cum
2199 1061 2205 1075 ⁸

281 1108 394 1161 suis
430 1106 618 1160 sedens
648 1107 891 1159 futurum
921 1107 1086 1160 duelli
1109 1108 1330 1162 invicem
1362 1111 1591 1165 condicti
1624 1119 1867 1166 eventum
1901 1115 2162 1169 sollicitus

280 1178 614 1247 expectabat.
676 1178 898 1230 Interim
930 1178 1272 1232 Poleniorum
1302 1184 1713 1247 provocacioneg
1746 1185 1915 1237 hostis
1946 1203 2163 1254 presens

280 1249 350 1303 ad
379 1249 577 1302 bellum
610 1249 877 1302 excitatur
909 1254 963 1302 et
996 1249 1065 1302 ab
1096 1266 1268 1316 amne,
1299 1269 1456 1320 quem
1488 1253 1755 1319 tuebatur,
1795 1273 1859 1307 ex
1889 1256 2163 1323 inopinata

278 1320 637 1389 prosperitate
680 1319 915 1387 fugatur.
1002 1320 1084 1372 Ex
1130 1321 1240 1383 hoc
1293 1339 1503 1375 rumore
1547 1325 1846 1378 Bolizlavus
1891 1327 2164 1380 extollitur

280 1397 334 1444 et
356 1392 631 1444 consocios
655 1391 839 1457 parari
862 1396 917 1443 et
939 1390 1237 1445 accelerare
1268 1410 1461 1460 rogans
1484 1393 1718 1459 fluvium,
1756 1396 1857 1448 etsi
1879 1396 2162 1459 laboriose,

278 1462 533 1516 velociter
567 1461 918 1514 transcendit.
992 1461 1217 1515 Inimica
1253 1468 1429 1516 autem
1466 1466 1608 1518 acies
1640 1471 1825 1519 contra
1855 1469 2162 1520 turmatimh

279 1533 529 1586 ordinata
578 1533 812 1602 patriam
858 1531 1144 1586 defendere
1189 1550 1342 1586 suam
1387 1535 1588 1589 frustra
1638 1537 1843 1591 nititur.
1918 1537 2161 1606 Namque

278 1605 334 1656 in
370 1605 545 1672 primo
584 1602 828 1656 conflictu
868 1603 1010 1655 cedit
1046 1621 1111 1656 ac
1151 1622 1441 1672 numquam
1477 1613 1666 1675 postea
1696 1607 1909 1660 fortiter
1941 1609 2159 1663 resistit.

280 1674 365 1728 Ibi
407 1679 522 1728 tum
567 1691 691 1727 cesa
737 1679 819 1727 est
861 1675 1145 1728 innumera
1189 1676 1478 1729 multitudo
1523 1677 1845 1745 fugiencium
1891 1683 1946 1731 et
1998 1696 2162 1746 parva

279 1747 554 1801 victorum.
626 1745 855 1798 Hericus
901 1744 1054 1798 miles
1098 1746 1316 1800 inclitus
1363 1764 1428 1800 ex
1472 1749 1668 1801 nostris
1714 1749 1957 1816 oppetiit,
2005 1766 2162 1817 quem

278 1817 555 1884 inperator
591 1821 772 1869 noster
807 1816 864 1868 in
900 1815 1126 1870 vinculis
1164 1817 1257 1870 diu
1294 1819 1566 1873 retinuit5.
1647 1819 1730 1871 Ex
1767 1819 1862 1871 illa
1898 1819 1984 1872 die
2022 1820 2161 1873 Boli-

277 1888 457 1942 zlavus
508 1891 694 1955 optata
744 1887 1103 1955 prosperitate
1157 1888 1403 1942 inimicos
1455 1890 1698 1956 palantes
1751 1890 2051 1957 insequitur
2110 1895 2163 1943 et

278 1958 348 2012 ab
369 1958 560 2012 incolis
589 1958 836 2022 omnibus
868 1959 1159 2026 suscipitur
1189 1960 1479 2028 multisque
1508 1959 1818 2013 muneribus
1848 1960 2159 2015 honoratur.

420 2031 506 2084 32.
575 2029 790 2082 Interea
842 2029 1069 2097 quedam
1123 2030 1311 2083 civitas
1355 2031 1514 2083 fratri
1566 2029 1697 2084 suo⁶
1741 2035 1868 2083 tunc
1911 2030 2161 2084 obediens

278 2118 312 2155 a
347 2101 607 2154 Iarizlavo
639 2101 692 2154 vi
725 2099 951 2169 capitur,
991 2106 1045 2153 et
1074 2099 1350 2154 habitator
1381 2101 1618 2154 eiusdem
1649 2100 1948 2154 abducitur.
2021 2101 2160 2154 Urbs

277 2177 457 2226 autem
509 2171 741 2224 Kitava⁷
793 2170 952 2224 nimis
1004 2171 1184 2224 valida
1242 2171 1311 2224 ab
1370 2171 1614 2224 hostibus
1666 2171 1921 2224 Pedeneis
1983 2178 2161 2224 ortatu

276 2243 534 2296 Bolizlavi
583 2242 771 2295 crebra
821 2242 1214 2310 inpugnacione
1262 2243 1565 2296 concutitur
1616 2247 1668 2294 et
1719 2242 1964 2295 incendio
2013 2244 2162 2311 gravi

277 2314 595 2367 minoratur.
682 2312 917 2366 Defensa
966 2318 1048 2366 est
1096 2318 1277 2367 autem
1325 2313 1394 2366 ab
1443 2314 1554 2365 suis
1599 2312 2017 2377 habitatoribuS,
2068 2313 2161 2366 sed

278 2385 524 2439 celeriter
575 2384 753 2452 patuit
805 2385 1076 2436 extraneis
1121 2384 1354 2449 viribus;
1407 2401 1637 2452 namque
1688 2402 1720 2436 a
1771 2385 1918 2451 regei
1961 2401 2057 2436 suo
2104 2385 2160 2436 in

276 2456 461 2524 fugam
498 2472 647 2508 verso
684 2455 874 2508 relicta
912 2455 1143 2507 XVIIII.
1178 2455 1297 2510 Kal.
1330 2455 1472 2523 Sept.
1510 2454 1839 2507 Bolizlavum
1877 2459 1950 2519 et,
2002 2471 2160 2522 quem

277 2527 372 2580 diu
408 2527 687 2591 amiserat,
733 2526 1121 2594 Zentepulcum
1158 2526 1422 2578 seniorem
1467 2543 1642 2589 suum,
1692 2526 1843 2577 cuius
1889 2527 2063 2592 gratia
2108 2532 2160 2578 et

277 2602 587 2651 nostrorum
634 2597 826 2650 timore
877 2598 1049 2649 omnis
1097 2596 1197 2650 hec
1247 2597 1394 2665 regio
1448 2613 1700 2649 conversa
1751 2600 1854 2660 est,
1909 2596 2157 2664 suscepit.

228 2684 251 2717 ‘.
278 2669 725 2737 Archiepiscopus
770 2667 1035 2721 *civitatis
1087 2667 1233 2720 illius
1287 2685 1407 2720 cum
1459 2666 1701 2734 reliquiis
1755 2671 2059 2719 sanctorum
2108 2674 2161 2719 et

278 2742 470 2794 ceteris
508 2738 789 2793 ornatibus
827 2738 1048 2792 diversis
1080 2738 1178 2791 hos
1208 2738 1551 2792 advenientes
1582 2738 1863 2790 honoravit
1892 2738 1947 2789 in
1979 2743 2159 2789 sancte

276 2811 602 2866 monasterio
640 2809 882 2874 Sofhiae,
927 2809 1073 2876 quod
1116 2809 1172 2861 in
1216 2810 1384 2878 priori
1428 2825 1567 2861 anno
1612 2807 1988 2861 miserabiliter
2031 2824 2159 2859 casu

244 2883 555 2936 .accidente
602 2881 938 2938 combustum
985 2885 1082 2935 est.
1165 2879 1275 2933 *lbi
1319 2881 1423 2933 fuit
1466 2896 1691 2932 noverca
1736 2879 1874 2947 regis
1912 2877 2156 2945 predicti,

278 2983 314 3024 a)
336 2982 483 3015 uindice.
507 3005 516 3014 .
535 3006 544 3014 .
566 3006 572 3013 .
596 2981 841 3014 insanabilius
858 2982 878 3012 1
911 2981 1038 3020 (spatio
1053 2981 1171 3012 relicto
1187 2981 1350 3020 quattuor
1365 2982 1427 3011 au!
1442 2980 1591 3019 quinque
1606 2979 1826 3017 litterarum).
1914 2976 1952 3018 b)
1974 2986 2109 3008 erasum
2124 2978 2156 3008 1.

277 3030 310 3065 ο)
331 3026 626 3066 intemperatoris
649 3026 698 3056 H.
797 3023 834 3064 d)
857 3023 1045 3055 fundimus
1069 3024 1102 3054 1.
1204 3022 1239 3064 e)
1261 3022 1444 3062 prodictus
1468 3025 1500 3054 1.
1600 3021 1631 3061 f)
1653 3029 1817 3053 rurorum
1839 3021 1870 3052 1.
1972 3018 2011 3059 g)
2034 3027 2159 3058 prouo-

277 3067 426 3101 cacione
447 3070 480 3101 1.
569 3067 610 3106 h)
635 3067 815 3099 tuimatim
839 3068 874 3098 1.
964 3066 990 3107 i)
1012 3067 1064 3097 ita
1088 3065 1131 3097 Α.
1151 3066 1213 3103 S.,·
1236 3073 1343 3104 agere
1366 3067 1399 3096 1.

278 3140 321 3194 1)
355 3142 465 3184 Non
492 3140 639 3194 ipSius
663 3138 944 3190 Columbam‘,
975 3138 1054 3193 qui
1075 3151 1116 3181 a.
1141 3137 1225 3180 615
1248 3136 1297 3179 in
1321 3135 1589 3179 monasterio
1612 3133 1833 3178 Bobiensi
1853 3137 2054 3177 manuus
2079 3136 2156 3180 est,

276 3197 358 3241 sed
380 3197 590 3241 monachi
611 3196 854 3241 cuiusdam
885 3195 1128 3238 Bobiensz's
1165 3206 1359 3246 carmen,
1392 3192 1469 3235 cui
1495 3192 1719 3234 Planctus
1758 3189 1812 3233 de
1843 3189 1963 3232 obitu
1994 3188 2161 3231 Karoli

276 3253 412 3303 (ΜΘ.
442 3255 612 3298 Poetae
642 3254 720 3297 lat.
751 3253 853 3297 aevi
874 3250 1077 3296 Carolini
1098 3252 1140 3303 I,
1160 3263 1208 3304 p.
1224 3249 1479 3298 434-436,
1512 3247 1578 3290 ed.
1602 3246 1858 3295 Dammzer)
1886 3244 2156 3309 inscribitur,

277 3311 350 3355 hic
372 3315 546 3366 spectat
574 3314 751 3363 nostem
785 3309 867 3352 ubi
893 3309 943 3352 in
985 3312 1067 3351 sir.
1099 3306 1154 3350 17
1183 3308 1295 3350 haec
1325 3307 1551 3360 leyuntur:
1606 3301 1641 3346 Ο
1673 3300 1955 3352 Columbane‚
1987 3302 2156 3356 stringe

277 3370 378 3412 tuas
423 3366 632 3410 lacrimas
677 3378 916 3421 precesque
953 3363 1087 3407 funde
1127 3370 1210 3417 vpro
1254 3361 1334 3404 illo
1379 3359 1434 3403 ad
1477 3359 1732 3403 Dominum.
1868 3358 1911 3409 2)
1954 3358 2027 3400 De
2065 3371 2157 3412 qua

279 3424 557 3478 expeditione
589 3423 648 3475 cf.
673 3423 827 3467 Strahl
857 3424 883 3466 l.
910 3436 944 3466 c.
971 3422 1012 3474 I,
1045 3420 1291 3469 155-157,
1322 3415 1512 3461 ‘Jahrbss
1535 3416 1634 3459 ΙΙΙ.
1657 3415 1842 3459 89-93.
1958 3413 2003 3465 3)
2036 3414 2156 3469 Buq.

279 3480 324 3534 4)
354 3481 650 3531 Iaroslavus‚·
682 3479 740 3534 ef.
777 3479 915 3532 VIII,
939 3478 1007 3521 65.
1032 3478 1101 3521 72.
1189 3476 1233 3527 5)
1267 3471 1394 3527 Conf.
1418 3485 1564 3537 supra·
1589 3472 1727 3525 VIII,
1753 3473 1820 3515 16.
1894 3470 1936 3522 6)
1969 3469 2156 3514 Suento-

274 3537 422 3592 puteo.
540 3537 584 3588 7)
616 3537 772 3590 Kiew;
803 3548 918 3591 quae
947 3533 1059 3577 urbs
1088 3545 1231 3586 supra
1261 3529 1438 3575 Cuiewa
1469 3530 1649 3573 ἀτοπίαν.

1822 3610 1872 3653 17

2186 2465 2278 2506 Aug.
2297 2468 2349 2499 14.
