2456 4036
676 235 1011 280 ΤΗΙΕΤΜΑΒΙ
1043 236 1257 281 CHRON.
1315 238 1428 281 LIB.
1458 238 1569 281 IIII.
1990 240 2046 284 87

11 381 54 441 ,ᾗ
90 382 163 422 ,μοι
188 382 304 417 eam
341 361 698 414 *consociaret
734 360 845 414 filio
884 379 994 427 suc,
1033 365 1224 416 mentis
1263 370 1464 417 secreto
1502 382 1707 431 semper
1735 364 1904 418 volvit.
1979 365 2047 417 Et

32 443 39 470 ,·
103 492 106 497 ,
185 434 255 488 ad
312 434 556 486 ultimum
609 450 886 501 erumpens
943 451 1039 502 per
1096 434 1279 488 fideles
1337 436 1691 488 internuntios
1739 434 2046 488 Ekkihardo

78 511 90 524 '‘
185 511 312 560 tunc
355 503 652 556 marchioni
697 503 1016 556 desiderium
1063 504 1154 558 diu
1198 507 1402 559 latensa
1446 507 1654 575 aperuit
1698 523 1761 558 ac
1806 506 2048 559 celeriter

185 575 486 645 inpetravit.
571 573 1012 628 Convenientibus
1058 581 1185 629 tunc
1237 578 1291 629 in
1343 595 1506 630 unum
1556 576 1911 629 familiaribus
1963 594 2047 630 eo-

185 645 423 710 rundem,
467 645 712 714 promisit
747 645 981 713 legitime
1021 646 1360 700 Ekkihardus
1398 648 1688 713 Liuthario,
1735 648 1955 700 eandem
1993 666 2048 700 se

184 718 295 772 filio
333 734 428 770 suo
467 715 716 768 daturum
761 717 816 768 in
860 734 1095 782 uxorem,
1145 735 1291 771 more
1329 736 1426 771 suo
1473 724 1526 772 et
1562 720 1676 772 iure
1713 717 2049 786 presentibus

187 789 390 843 cunctis
449 786 795 856 optimatibus
862 787 1148 841 affirmans,
1254 790 1392 852 Qui*
1458 808 1575 843 cum
1640 790 1804 843 tercio
1866 789 2049 842 Ottoni

186 860 412 914 multum
449 860 686 926 placeret
723 864 775 911 et
813 858 954 927 apud
991 860 1217 913 eundem
1255 861 1392 912 inter
1421 861 1554 913 alios
1592 862 1845 927 primates
1886 860 2049 929 pluri-

0 996 1 1000 *
28 1003 30 1007 Ι
78 981 99 1004 ·:
186 949 329 985 mum
361 930 573 995 valeret,
614 930 792 982 nescio
823 948 929 999 qua
959 948 1120 983 causa
1157 932 1473 1000 depravatus
1503 938 1715 999 pactum
1746 931 2047 985 firmissime

0 1038 2 1042 ⁷
82 1010 106 1058 J*
186 1003 481 1058 stabilitum
525 1001 911 1069 interrumpere
957 1020 1116 1069 quam
1161 1004 1390 1055 maxime
1428 1007 1666 1057 conatur.
1742 1002 1891 1067 Quod
1929 1019 2047 1053 mox

186 1074 522 1127 Lintharium
574 1089 680 1124 non
729 1072 909 1137 latuit,
963 1081 1013 1125 et
1064 1078 1124 1126 ut
1174 1074 1274 1126 hoc
1325 1091 1390 1126 ne
1440 1073 1613 1139 fieret,
1667 1075 1828 1126 anxia
1877 1078 2047 1126 mente

185 1145 441 1199 volvebat.

325 1217 412 1269 41.
472 1215 797 1283 Imperatore
844 1219 896 1267 et
933 1214 1242 1267 Ekkihardo
1286 1214 1488 1283 pariter
1530 1220 1655 1268 tunc
1691 1215 1746 1267 in
1784 1215 2042 1267 Romania
2074 1219 2205 1276 (998).

187 1291 566 1350 commorante,
633 1286 916 1339 commissa
975 1292 1093 1338 erat
1151 1287 1300 1354 regni
1358 1286 1514 1338 istius
1578 1303 1706 1338 cura
1763 1285 2051 1338 venerabili

186 1359 492 1413 abbatissae
537 1357 806 1422 Mathildi,
861 1357 925 1410 de
970 1358 1107 1425 quab
1152 1357 1396 1426 superius
1439 1357 1749 1420 memoravi,
1802 1358 1857 1408 in
1903 1357 2051 1409 cuius

187 1432 400 1484 civitate
446 1427 918 1497 Quidilingaburg0
961 1438 1267 1496 nuncupata
1309 1427 1487 1495 puella
1531 1428 1661 1480 haec
1706 1427 2048 1480 educabatur.

185 1503 271 1556 Fit
312 1501 556 1571 publicus
608 1501 664 1553 in
711 1499 1050 1568 Darniburgl
1096 1499 1400 1552 abbatissae
1437 1501 1705 1568 totiusque
1745 1504 1959 1552 senatus
1998 1499 2051 1550 in

185 1592 348 1627 unum
401 1577 708 1626 conventus
806 1571 1026 1624 Interim
1080 1570 1463 1634 Wirinharius,
1523 1576 1583 1623 ut
1634 1569 1888 1633 arbitror,
1949 1587 2052 1621 non

187 1644 406 1699 consilio
445 1645 637 1712 patriS,
685 1642 778 1696 sed
823 1660 1002 1696 amore
1041 1643 1258 1709 virginis
1305 1647 1357 1694 et
1402 1642 1467 1695 ob
1513 1647 1707 1694 metum
1754 1640 2053 1693 manifestid

185 1716 476 1780 dedecoriS,
517 1733 634 1768 cum
667 1714 1022 1767 confratribus
1053 1714 1184 1766 meis
1214 1713 1479 1776 HeinricO,
1519 1713 1809 1765 Fritherico
1840 1712 2051 1764 ceteris-

186 1807 287 1859 que
325 1786 587 1841 militibus
625 1786 840 1855 optimis
877 1786 1064 1838 urbem
1112 1784 1375 1854 prefatam
1421 1783 1661 1836 ascendit
1704 1800 2054 1852 sponsamque

187 1878 337 1914 suam
375 1865 429 1912 et
465 1858 816 1912 reluctantem
866 1862 918 1910 et
953 1856 1270 1909 clamantem
1308 1857 1356 1908 vi
1394 1854 1639 1908 auferens
1679 1872 1796 1906 cum
1837 1854 1946 1906 suis
1984 1852 2054 1905 ad

185 1930 460 2002 Wallibiki
502 1930 640 1983 letus
686 1934 739 1982 et
781 1929 1057 1982 incolomis
1101 1928 1355 1996 pervenit.
1438 1926 1588 1989 Quod
1625 1943 1745 1978 cum
1783 1924 2055 1978 abbatissa

140 2017 162 2050 ⁴.
187 2003 255 2057 ab
295 2007 440 2056 certo
481 2001 799 2069 comperiret
834 2001 1030 2068 legato,
1084 1999 1316 2067 graviter
1363 2003 1627 2051 commota
1676 1996 1878 2049 cunctis
1926 1994 2057 2047 *hoc

187 2074 520 2143 principibus
565 2073 801 2125 lacrimis
847 2072 1089 2141 queritur
1132 2070 1357 2134 obortiS‚
1402 2086 1594 2136 rogans
1639 2086 1700 2121 ac
1744 2066 2054 2136 precipienS,
2079 2071 2185 2145 Velrg·
2206 2069 2304 2145 ἔδει

187 2152 248 2200 ut
285 2146 480 2198 armati
519 2162 701 2197 omnes
732 2143 974 2211 publicos
1018 2142 1197 2195 hostes
1237 2141 1481 2194 celeriter
1510 2140 1914 2208 insequerentur
1948 2135 2052 2260 kae]
2120 2136 2259 2196 :11:411

188 2223 247 2271 ut
283 2219 453 2286 captis
492 2234 585 2270 seu
623 2216 812 2269 occisis
842 2215 1094 2283 virginem
1127 2212 1230 2266 sibi
1260 2211 1511 2265 reducere
1544 2215 1874 2264 conarentur.
1998 2226 2056 2261 ec

187 2307 358 2353 mora,
418 2289 565 2341 iussa
617 2287 746 2340 haec
800 2287 951 2340 miles
1014 2289 1253 2338 armatus
1305 2283 1602 2336 accelerare
1655 2280 1928 2334 contendit
1987 2285 2055 2344 et,

187 2363 498 2431 priusquam
535 2358 720 2412 urbem
758 2358 1019 2412 munitam
1057 2356 1406 2424 adtingerent,
1446 2353 1654 2407 eosdem
1691 2370 1785 2422 per
1814 2368 2054 2419 compen-

190 2433 342 2486 diosa
390 2431 598 2484 itineris
642 2431 969 2498 interruptos
1005 2428 1057 2481 vi
1095 2444 1282 2496 capere
1314 2426 1395 2479 vel
1433 2425 1672 2478 occidere
1702 2442 1794 2477 seu
1825 2422 2055 2490 effugare

189 2504 473 2557 anhelavit.
565 2503 903 2569 Compertum
958 2505 1038 2553 est
1088 2505 1267 2552 autem
1326 2516 1358 2550 a
1407 2495 1724 2560 viatoribus,
1787 2493 1926 2563 quod
1983 2492 2054 2557 hi,

190 2594 321 2645 quos
358 2573 792 2645 insequebantur,
831 2572 1008 2626 valida
1045 2589 1207 2623 manu
1235 2569 1533 2637 clausisque
1562 2567 1742 2636 portis,
1779 2566 1920 2617 notis
1950 2564 2056 2616 iam

191 2647 485 2716 gauderent
526 2644 798 2715 presidiis3
848 2643 981 2696 nulli
1024 2647 1207 2711 patere
1246 2641 1559 2708 ingressum3
1608 2645 1702 2691 aut
1737 2636 1868 2689 velle
1904 2636 2055 2696 mori,

193 2725 288 2771 aut
332 2736 387 2771 se
419 2716 545 2841 gibi]
599 2716 882 2769 defendere
937 2720 991 2767 et
1034 2730 1322 2781 numquam
1367 2711 1491 2763 ulli0
1536 2726 1782 2779 sponsam
1824 2707 2057 2761 reddere.

193 2791 307 2854 Quo
346 2808 416 2843 au
455 2789 530 2842 ito
567 2787 857 2841 admodum
893 2786 1063 2838 tristis
1102 2783 1321 2837 effectus
1358 2782 1656 2834 revertitur.

333 2862 418 2916 42.
478 2860 790 2913 Lintharius
836 2862 1014 2911 autem
1060 2862 1111 2909 et
1155 2873 1271 2909 cum
1313 2871 1371 2907 eo
1407 2852 1637 2905 Alfricus
1676 2850 1848 2904 senior
1886 2848 2058 2901 miles-

86 2971 95 2976 ,
193 2951 295 3002 que
334 2933 542 2986 comitis
587 2929 884 2983 Ekkihardi
922 2929 1255 2981 Thietmarus
1303 2924 1692 2994 proficiscentes
1734 2920 2057 2973 voluntatem

84 3011 172 3055 τεο.
197 3022 419 3074 sponsae
457 3002 813 3072 per*quirunt,
864 3018 1025 3069 seque
1062 2999 1255 3052 ibidem
1295 3003 1420 3050 tunc
1457 3013 1670 3048 manere
1708 2992 1862 3045 malle
1901 3009 2059 3058 quam

89 3087 94 3099 ²
194 3077 408 3140 reverti,
471 3075 603 3128 satis
656 3074 785 3127 certi
849 3072 916 3125 ab
976 3070 1160 3124 eadem
1222 3068 1392 3120 effecti
1453 3067 1676 3119 domnae
1736 3062 2062 3116 abbatissaef

197 3148 558 3216 caeterisqueg
602 3145 733 3198 haec
778 3160 1035 3211 responsa
1079 3139 1411 3194 intimabant.
1492 3136 1795 3190 Consulenti
1835 3140 1958 3186 tunc
1994 3133 2059 3184 de

195 3218 391 3272 talibus
439 3219 692 3287 primates
752 3215 1052 3269 abbatissae
1102 3213 1301 3265 dictum
1351 3215 1430 3262 est
1483 3207 1550 3261 ab
1605 3208 1710 3272 his,
1768 3204 1906 3274 quod
1958 3203 2060 3257 sibi

291 3348 336 3401 *)
368 3347 397 3392 i.
431 3346 502 3400 (=
532 3346 579 3390 id
609 3345 691 3400 est)
725 3343 1033 3399 e(kkehardus)
1065 3343 1168 3387 add.
1198 3342 1250 3386 V.

201 3461 236 3503 a)
258 3464 314 3495 ita
328 3462 369 3494 A.
389 3462 424 3494 S.
444 3463 468 3493 l.
489 3463 532 3500 l.;
548 3460 673 3491 lateris
689 3461 719 3490 1.
808 3457 844 3498 b)
867 3466 936 3497 quo
953 3459 983 3489 1.
1073 3455 1106 3494 ο)
1131 3453 1398 3495 quidilingabur
1422 3454 1453 3483 1.
1526 3451 1562 3490 d)
1585 3449 1770 3482 manifasti
1792 3450 1821 3483 1.
1886 3447 1921 3489 e)
1943 3447 1998 3480 mi
2015 3447 2063 3488 B3

202 3503 268 3538 uui
285 3506 326 3538 T.
413 3505 444 3544 f)
465 3506 612 3536 alterum
635 3511 652 3534 s
676 3501 759 3533 add.
782 3502 823 3532 T.
909 3499 947 3541 g)
971 3499 1173 3538 ceterisque
1196 3499 1239 3538 B,
1263 3506 1284 3528 a
1305 3496 1388 3527 add.
1413 3495 1452 3527 T.

203 3591 245 3645 1)
276 3592 541 3646 Derenburq
570 3589 788 3644 oppidum
817 3587 934 3631 inter
964 3584 1259 3630 Halberstadt
1288 3588 1327 3627 et
1369 3579 1696 3635 Werniqerode.
