<?xml version="1.0" encoding="UTF-8"?>
<!DOCTYPE html PUBLIC "-//W3C//DTD XHTML 1.0 Transitional//EN"
    "http://www.w3.org/TR/xhtml1/DTD/xhtml1-transitional.dtd">
<html xmlns="http://www.w3.org/1999/xhtml" xml:lang="en" lang="en">
 <head>
  <title>
</title>
<meta http-equiv="Content-Type" content="text/html;charset=utf-8" />
  <meta name='ocr-system' content='tesseract 3.04.00' />
  <meta name='ocr-capabilities' content='ocr_page ocr_carea ocr_par ocr_line ocrx_word'/>
</head>
<body>
  <div class='ocr_page' id='page_1' title='image "./thietmarimersebu00thieuoft_0159.png"; bbox 0 0 2456 4036; ppageno 0'>
   <div class='ocr_carea' id='block_1_1' title="bbox 729 269 2085 318">
    <p class='ocr_par' dir='ltr' id='par_1_1' title="bbox 729 269 2085 318">
     <span class='ocr_line' id='line_1_1' title="bbox 729 269 2085 318; baseline -0.004 0"><span class='ocrx_word' id='word_1_1' title='bbox 729 270 1065 318; x_wconf 84' lang='lat' dir='ltr'><strong>THIETMARI</strong></span> <span class='ocrx_word' id='word_1_2' title='bbox 1096 270 1310 316; x_wconf 82' lang='lat' dir='ltr'>CHRON.</span> <span class='ocrx_word' id='word_1_3' title='bbox 1370 271 1483 316; x_wconf 90' lang='lat' dir='ltr'>LIB.</span> <span class='ocrx_word' id='word_1_4' title='bbox 1513 270 1592 314; x_wconf 94' lang='lat' dir='ltr'>VI.</span> <span class='ocrx_word' id='word_1_5' title='bbox 2003 269 2085 314; x_wconf 82' lang='lat'>137</span> 
     </span>
    </p>
   </div>
   <div class='ocr_carea' id='block_1_2' title="bbox 187 395 2304 3172">
    <p class='ocr_par' dir='ltr' id='par_1_2' title="bbox 224 395 2304 678">
     <span class='ocr_line' id='line_1_2' title="bbox 224 395 2240 468; baseline -0.002 -12"><span class='ocrx_word' id='word_1_6' title='bbox 224 403 435 456; x_wconf 87' lang='lat' dir='ltr'>firmata</span> <span class='ocrx_word' id='word_1_7' title='bbox 469 402 683 468; x_wconf 88' lang='lat' dir='ltr'>recepit.</span> <span class='ocrx_word' id='word_1_8' title='bbox 756 401 884 452; x_wconf 91' lang='lat' dir='ltr'>Post</span> <span class='ocrx_word' id='word_1_9' title='bbox 916 399 1047 451; x_wconf 85' lang='lat' dir='ltr'>haec</span> <span class='ocrx_word' id='word_1_10' title='bbox 1078 399 1295 466; x_wconf 85' lang='lat' dir='ltr'>Papiam</span> <span class='ocrx_word' id='word_1_11' title='bbox 1335 399 1555 451; x_wconf 89' lang='lat' dir='ltr'>visitans</span> <span class='ocrx_word' id='word_1_12' title='bbox 1591 396 1775 449; x_wconf 90' lang='lat' dir='ltr'>urbem</span> <span class='ocrx_word' id='word_1_13' title='bbox 1815 396 1882 448; x_wconf 89' lang='lat' dir='ltr'>ab</span> <span class='ocrx_word' id='word_1_14' title='bbox 1914 395 2081 448; x_wconf 89' lang='lat' dir='ltr'>archi·</span> <span class='ocrx_word' id='word_1_15' title='bbox 2117 408 2240 453; x_wconf 88' lang='lat'>1004.</span> 
     </span>
     <span class='ocr_line' id='line_1_3' title="bbox 225 466 2086 538; baseline -0.004 -12"><span class='ocrx_word' id='word_1_16' title='bbox 225 473 462 526; x_wconf 90' lang='lat' dir='ltr'>antistite</span> <span class='ocrx_word' id='word_1_17' title='bbox 498 472 598 524; x_wconf 91' lang='lat' dir='ltr'>hoc</span> <span class='ocrx_word' id='word_1_18' title='bbox 637 477 689 523; x_wconf 89' lang='lat' dir='ltr'>et</span> <span class='ocrx_word' id='word_1_19' title='bbox 726 489 759 522; x_wconf 86' lang='lat' dir='ltr'>a</span> <span class='ocrx_word' id='word_1_20' title='bbox 795 471 981 538; x_wconf 90' lang='lat' dir='ltr'>primis</span> <span class='ocrx_word' id='word_1_21' title='bbox 1028 469 1172 522; x_wconf 90' lang='lat' dir='ltr'>illius</span> <span class='ocrx_word' id='word_1_22' title='bbox 1218 469 1448 537; x_wconf 82' lang='lat' dir='ltr'>regionis</span> <span class='ocrx_word' id='word_1_23' title='bbox 1499 472 1778 536; x_wconf 77' lang='lat' dir='ltr'>succeptus</span> <span class='ocrx_word' id='word_1_24' title='bbox 1830 484 1947 519; x_wconf 90' lang='lat' dir='ltr'>cum</span> <span class='ocrx_word' id='word_1_25' title='bbox 1993 466 2086 518; x_wconf 90' lang='lat' dir='ltr'>ad-</span> 
     </span>
     <span class='ocr_line' id='line_1_4' title="bbox 225 537 2086 611; baseline -0.003 -15"><span class='ocrx_word' id='word_1_26' title='bbox 225 543 456 596; x_wconf 87' lang='lat' dir='ltr'>mirabili</span> <span class='ocrx_word' id='word_1_27' title='bbox 500 542 658 611; x_wconf 68' lang='lat' dir='ltr'>laude</span> <span class='ocrx_word' id='word_1_28' title='bbox 709 541 778 593; x_wconf 91' lang='lat' dir='ltr'>ad</span> <span class='ocrx_word' id='word_1_29' title='bbox 822 541 1102 593; x_wconf 83' lang='lat' dir='ltr'>aeclesiam</span> <span class='ocrx_word' id='word_1_30' title='bbox 1160 540 1374 593; x_wconf 86' lang='lat' dir='ltr'>ducitur</span> <span class='ocrx_word' id='word_1_31' title='bbox 1425 544 1477 591; x_wconf 88' lang='lat' dir='ltr'>et</span> <span class='ocrx_word' id='word_1_32' title='bbox 1521 539 1784 592; x_wconf 90' lang='lat' dir='ltr'>communi</span> <span class='ocrx_word' id='word_1_33' title='bbox 1829 537 2086 590; x_wconf 78' lang='lat' dir='ltr'>electione</span> 
     </span>
     <span class='ocr_line' id='line_1_5' title="bbox 225 611 2304 678; baseline -0.005 -10"><span class='ocrx_word' id='word_1_34' title='bbox 225 615 539 669; x_wconf 86' lang='lat' dir='ltr'>sublimatus</span> <span class='ocrx_word' id='word_1_35' title='bbox 578 614 632 664; x_wconf 87' lang='lat' dir='ltr'>in</span> <span class='ocrx_word' id='word_1_36' title='bbox 670 612 858 664; x_wconf 89' lang='lat' dir='ltr'>solium</span> <span class='ocrx_word' id='word_1_37' title='bbox 898 612 1075 678; x_wconf 86' lang='lat' dir='ltr'>regale</span> <span class='ocrx_word' id='word_1_38' title='bbox 1114 611 1402 664; x_wconf 89' lang='lat' dir='ltr'>collocatur</span> <span class='ocrx_word' id='word_1_39' title='bbox 1416 611 1451 662; x_wconf 85' lang='lat'>1.</span> <span class='ocrx_word' id='word_1_40' title='bbox 2109 627 2198 669; x_wconf 67' lang='lat' dir='ltr'>(Mai</span> <span class='ocrx_word' id='word_1_41' title='bbox 2224 626 2304 669; x_wconf 83' lang='lat'>15)..</span> 
     </span>
    </p>

    <p class='ocr_par' dir='ltr' id='par_1_3' title="bbox 187 679 2092 2316">
     <span class='ocr_line' id='line_1_6' title="bbox 365 679 2086 752; baseline -0.004 -15"><span class='ocrx_word' id='word_1_42' title='bbox 365 686 413 739; x_wconf 89' lang='lat'>7.</span> <span class='ocrx_word' id='word_1_43' title='bbox 455 683 552 752; x_wconf 83' lang='lat'>(6.)</span> <span class='ocrx_word' id='word_1_44' title='bbox 610 683 916 750; x_wconf 87' lang='lat' dir='ltr'>Eademque</span> <span class='ocrx_word' id='word_1_45' title='bbox 954 682 1039 734; x_wconf 91' lang='lat' dir='ltr'>die</span> <span class='ocrx_word' id='word_1_46' title='bbox 1073 683 1352 746; x_wconf 86' lang='lat' dir='ltr'>revelatur,</span> <span class='ocrx_word' id='word_1_47' title='bbox 1391 698 1498 749; x_wconf 88' lang='lat' dir='ltr'>qua</span> <span class='ocrx_word' id='word_1_48' title='bbox 1528 680 1888 733; x_wconf 78' lang='lat' dir='ltr'>mutabilitate</span> <span class='ocrx_word' id='word_1_49' title='bbox 1920 679 2086 732; x_wconf 87' lang='lat' dir='ltr'>totius</span> 
     </span>
     <span class='ocr_line' id='line_1_7' title="bbox 222 751 2084 821; baseline -0.004 -12"><span class='ocrx_word' id='word_1_50' title='bbox 222 756 407 809; x_wconf 92' lang='lat' dir='ltr'>mundi</span> <span class='ocrx_word' id='word_1_51' title='bbox 454 755 612 808; x_wconf 91' lang='lat' dir='ltr'>huius</span> <span class='ocrx_word' id='word_1_52' title='bbox 660 753 927 806; x_wconf 90' lang='lat' dir='ltr'>instabilis</span> <span class='ocrx_word' id='word_1_53' title='bbox 977 771 1163 805; x_wconf 90' lang='lat' dir='ltr'>cursus</span> <span class='ocrx_word' id='word_1_54' title='bbox 1211 754 1264 804; x_wconf 90' lang='lat' dir='ltr'>in</span> <span class='ocrx_word' id='word_1_55' title='bbox 1310 769 1535 821; x_wconf 90' lang='lat' dir='ltr'>pronum</span> <span class='ocrx_word' id='word_1_56' title='bbox 1580 769 1787 818; x_wconf 84' lang='lat' dir='ltr'>semper</span> <span class='ocrx_word' id='word_1_57' title='bbox 1830 751 2084 804; x_wconf 90' lang='lat' dir='ltr'>volvatur.</span> 
     </span>
     <span class='ocr_line' id='line_1_8' title="bbox 222 821 2086 895; baseline -0.003 -16"><span class='ocrx_word' id='word_1_58' title='bbox 222 827 464 895; x_wconf 88' lang='lat' dir='ltr'>Namque</span> <span class='ocrx_word' id='word_1_59' title='bbox 512 827 650 878; x_wconf 89' lang='lat' dir='ltr'>inter</span> <span class='ocrx_word' id='word_1_60' title='bbox 698 831 780 877; x_wconf 87' lang='lat' dir='ltr'>tot</span> <span class='ocrx_word' id='word_1_61' title='bbox 827 824 1022 892; x_wconf 89' lang='lat' dir='ltr'>gaudia</span> <span class='ocrx_word' id='word_1_62' title='bbox 1070 824 1245 876; x_wconf 91' lang='lat' dir='ltr'>subito</span> <span class='ocrx_word' id='word_1_63' title='bbox 1293 825 1484 874; x_wconf 87' lang='lat' dir='ltr'>insevit</span> <span class='ocrx_word' id='word_1_64' title='bbox 1530 823 1745 875; x_wconf 90' lang='lat' dir='ltr'>inimica</span> <span class='ocrx_word' id='word_1_65' title='bbox 1788 823 1935 891; x_wconf 87' lang='lat' dir='ltr'>pacis</span> <span class='ocrx_word' id='word_1_66' title='bbox 1980 821 2086 873; x_wconf 90' lang='lat' dir='ltr'>dis-</span> 
     </span>
     <span class='ocr_line' id='line_1_9' title="bbox 187 893 2088 963; baseline -0.004 -12"><span class='ocrx_word' id='word_1_67' title='bbox 187 898 401 951; x_wconf 82' lang='lat' dir='ltr'>.cordia</span> <span class='ocrx_word' id='word_1_68' title='bbox 438 897 521 949; x_wconf 89' lang='lat' dir='ltr'>*et</span> <span class='ocrx_word' id='word_1_69' title='bbox 557 913 590 947; x_wconf 91' lang='lat' dir='ltr'>a</span> <span class='ocrx_word' id='word_1_70' title='bbox 627 894 894 963; x_wconf 88' lang='lat' dir='ltr'>superflua</span> <span class='ocrx_word' id='word_1_71' title='bbox 936 894 1042 946; x_wconf 90' lang='lat' dir='ltr'>vini</span> <span class='ocrx_word' id='word_1_72' title='bbox 1087 894 1344 947; x_wconf 90' lang='lat' dir='ltr'>ebrietate</span> <span class='ocrx_word' id='word_1_73' title='bbox 1375 893 1440 946; x_wconf 94' lang='lat' dir='ltr'>de</span> <span class='ocrx_word' id='word_1_74' title='bbox 1471 894 1563 945; x_wconf 91' lang='lat' dir='ltr'>vili</span> <span class='ocrx_word' id='word_1_75' title='bbox 1595 911 1757 946; x_wconf 88' lang='lat' dir='ltr'>causa</span> <span class='ocrx_word' id='word_1_76' title='bbox 1786 895 2088 959; x_wconf 76' lang='lat' dir='ltr'>interrupta</span> 
     </span>
     <span class='ocr_line' id='line_1_10' title="bbox 221 963 2086 1022; baseline -0.004 0"><span class='ocrx_word' id='word_1_77' title='bbox 221 975 302 1022; x_wconf 91' lang='lat' dir='ltr'>est</span> <span class='ocrx_word' id='word_1_78' title='bbox 338 967 716 1020; x_wconf 88' lang='lat' dir='ltr'>miserabiliter</span> <span class='ocrx_word' id='word_1_79' title='bbox 754 965 875 1018; x_wconf 91' lang='lat' dir='ltr'>fidei</span> <span class='ocrx_word' id='word_1_80' title='bbox 914 966 1170 1018; x_wconf 86' lang='lat' dir='ltr'>connexio</span> <span class='ocrx_word' id='word_1_81' title='bbox 1208 970 1260 1017; x_wconf 90' lang='lat' dir='ltr'>et</span> <span class='ocrx_word' id='word_1_82' title='bbox 1297 966 1631 1018; x_wconf 89' lang='lat' dir='ltr'>sacramenti.</span> <span class='ocrx_word' id='word_1_83' title='bbox 1708 964 1962 1017; x_wconf 86' lang='lat' dir='ltr'>Concives</span> <span class='ocrx_word' id='word_1_84' title='bbox 1994 963 2086 1015; x_wconf 91' lang='lat' dir='ltr'>ad-</span> 
     </span>
     <span class='ocr_line' id='line_1_11' title="bbox 220 1035 2087 1103; baseline -0.004 -10"><span class='ocrx_word' id='word_1_85' title='bbox 220 1057 403 1093; x_wconf 88' lang='lat' dir='ltr'>versus</span> <span class='ocrx_word' id='word_1_86' title='bbox 450 1039 655 1091; x_wconf 86' lang='lat' dir='ltr'>noviter</span> <span class='ocrx_word' id='word_1_87' title='bbox 703 1037 928 1089; x_wconf 86' lang='lat' dir='ltr'>electum</span> <span class='ocrx_word' id='word_1_88' title='bbox 977 1054 1154 1103; x_wconf 92' lang='lat' dir='ltr'>regem</span> <span class='ocrx_word' id='word_1_89' title='bbox 1200 1041 1498 1101; x_wconf 88' lang='lat' dir='ltr'>armantur,</span> <span class='ocrx_word' id='word_1_90' title='bbox 1548 1035 1616 1087; x_wconf 89' lang='lat' dir='ltr'>ad</span> <span class='ocrx_word' id='word_1_91' title='bbox 1661 1035 1923 1102; x_wconf 91' lang='lat' dir='ltr'>palatium</span> <span class='ocrx_word' id='word_1_92' title='bbox 1969 1052 2087 1103; x_wconf 91' lang='lat' dir='ltr'>pro—</span> 
     </span>
     <span class='ocr_line' id='line_1_12' title="bbox 220 1105 2086 1179; baseline -0.004 -15"><span class='ocrx_word' id='word_1_93' title='bbox 220 1116 424 1179; x_wconf 86' lang='lat' dir='ltr'>perant,</span> <span class='ocrx_word' id='word_1_94' title='bbox 465 1115 518 1162; x_wconf 92' lang='lat' dir='ltr'>et</span> <span class='ocrx_word' id='word_1_95' title='bbox 554 1109 781 1160; x_wconf 88' lang='lat' dir='ltr'>maxime</span> <span class='ocrx_word' id='word_1_96' title='bbox 810 1108 902 1172; x_wconf 89' lang='lat' dir='ltr'>hii,</span> <span class='ocrx_word' id='word_1_97' title='bbox 943 1108 1133 1175; x_wconf 90' lang='lat' dir='ltr'>quibus</span> <span class='ocrx_word' id='word_1_98' title='bbox 1164 1108 1246 1159; x_wconf 91' lang='lat' dir='ltr'>ius</span> <span class='ocrx_word' id='word_1_99' title='bbox 1280 1107 1513 1159; x_wconf 89' lang='lat' dir='ltr'>Heinrici</span> <span class='ocrx_word' id='word_1_100' title='bbox 1545 1106 1874 1173; x_wconf 85' lang='lat' dir='ltr'>displicebat,</span> <span class='ocrx_word' id='word_1_101' title='bbox 1914 1105 2086 1158; x_wconf 84' lang='lat' dir='ltr'>Hard-</span> 
     </span>
     <span class='ocr_line' id='line_1_13' title="bbox 221 1177 2085 1251; baseline -0.004 -16"><span class='ocrx_word' id='word_1_102' title='bbox 221 1183 342 1251; x_wconf 87' lang='lat' dir='ltr'>wigi</span> <span class='ocrx_word' id='word_1_103' title='bbox 386 1187 562 1234; x_wconf 88' lang='lat' dir='ltr'>autem</span> <span class='ocrx_word' id='word_1_104' title='bbox 607 1179 865 1232; x_wconf 86' lang='lat' dir='ltr'>relaxatio</span> <span class='ocrx_word' id='word_1_105' title='bbox 912 1178 1191 1233; x_wconf 88' lang='lat' dir='ltr'>mulcebat.</span> <span class='ocrx_word' id='word_1_106' title='bbox 1272 1178 1486 1230; x_wconf 85' lang='lat' dir='ltr'>Clamor</span> <span class='ocrx_word' id='word_1_107' title='bbox 1531 1182 1588 1229; x_wconf 93' lang='lat' dir='ltr'>ut</span> <span class='ocrx_word' id='word_1_108' title='bbox 1625 1195 1657 1228; x_wconf 88' lang='lat' dir='ltr'>a</span> <span class='ocrx_word' id='word_1_109' title='bbox 1693 1195 1814 1245; x_wconf 92' lang='lat' dir='ltr'>rege</span> <span class='ocrx_word' id='word_1_110' title='bbox 1853 1177 2085 1240; x_wconf 85' lang='lat' dir='ltr'>auditur,</span> 
     </span>
     <span class='ocr_line' id='line_1_14' title="bbox 222 1247 2087 1321; baseline -0.004 -15"><span class='ocrx_word' id='word_1_111' title='bbox 222 1258 275 1306; x_wconf 94' lang='lat' dir='ltr'>et</span> <span class='ocrx_word' id='word_1_112' title='bbox 312 1252 439 1321; x_wconf 90' lang='lat' dir='ltr'>quid</span> <span class='ocrx_word' id='word_1_113' title='bbox 474 1253 577 1304; x_wconf 89' lang='lat' dir='ltr'>hoc</span> <span class='ocrx_word' id='word_1_114' title='bbox 615 1257 767 1314; x_wconf 89' lang='lat' dir='ltr'>esset,</span> <span class='ocrx_word' id='word_1_115' title='bbox 808 1249 1074 1318; x_wconf 87' lang='lat' dir='ltr'>explorari</span> <span class='ocrx_word' id='word_1_116' title='bbox 1113 1250 1308 1302; x_wconf 72' lang='lat' dir='ltr'>ciciusa</span> <span class='ocrx_word' id='word_1_117' title='bbox 1345 1249 1410 1300; x_wconf 89' lang='lat' dir='ltr'>ab</span> <span class='ocrx_word' id='word_1_118' title='bbox 1445 1266 1505 1301; x_wconf 94' lang='lat' dir='ltr'>eo</span> <span class='ocrx_word' id='word_1_119' title='bbox 1536 1247 1764 1301; x_wconf 91' lang='lat' dir='ltr'>iubetur.</span> <span class='ocrx_word' id='word_1_120' title='bbox 1841 1247 1940 1302; x_wconf 85' lang='lat' dir='ltr'>Cui</span> <span class='ocrx_word' id='word_1_121' title='bbox 1967 1265 2087 1316; x_wconf 90' lang='lat' dir='ltr'>pro-</span> 
     </span>
     <span class='ocr_line' id='line_1_15' title="bbox 220 1319 2090 1390; baseline -0.004 -13"><span class='ocrx_word' id='word_1_122' title='bbox 220 1325 363 1377; x_wconf 90' lang='lat' dir='ltr'>tinus</span> <span class='ocrx_word' id='word_1_123' title='bbox 400 1323 768 1390; x_wconf 88' lang='lat' dir='ltr'>respondetur,</span> <span class='ocrx_word' id='word_1_124' title='bbox 808 1321 1072 1389; x_wconf 85' lang='lat' dir='ltr'>plebeiosb</span> <span class='ocrx_word' id='word_1_125' title='bbox 1109 1320 1286 1373; x_wconf 89' lang='lat' dir='ltr'>furore</span> <span class='ocrx_word' id='word_1_126' title='bbox 1327 1319 1602 1372; x_wconf 89' lang='lat' dir='ltr'>subitaneo</span> <span class='ocrx_word' id='word_1_127' title='bbox 1640 1319 1999 1371; x_wconf 87' lang='lat' dir='ltr'>inflammatos</span> <span class='ocrx_word' id='word_1_128' title='bbox 2038 1319 2090 1370; x_wconf 83' lang='lat' dir='ltr'>et</span> 
     </span>
     <span class='ocr_line' id='line_1_16' title="bbox 221 1390 2089 1463; baseline -0.004 -15"><span class='ocrx_word' id='word_1_129' title='bbox 221 1395 428 1448; x_wconf 77' lang='lat' dir='ltr'>servili⁰</span> <span class='ocrx_word' id='word_1_130' title='bbox 463 1394 858 1463; x_wconf 86' lang='lat' dir='ltr'>presumptione</span> <span class='ocrx_word' id='word_1_131' title='bbox 896 1393 1177 1455; x_wconf 82' lang='lat' dir='ltr'>animatOS,</span> <span class='ocrx_word' id='word_1_132' title='bbox 1222 1392 1361 1444; x_wconf 85' lang='lat' dir='ltr'>hanc</span> <span class='ocrx_word' id='word_1_133' title='bbox 1400 1391 1806 1444; x_wconf 88' lang='lat' dir='ltr'>commotionem</span> <span class='ocrx_word' id='word_1_134' title='bbox 1843 1390 2089 1459; x_wconf 90' lang='lat' dir='ltr'>primitus</span> 
     </span>
     <span class='ocr_line' id='line_1_17' title="bbox 220 1460 2088 1535; baseline -0.004 -16"><span class='ocrx_word' id='word_1_135' title='bbox 220 1466 503 1535; x_wconf 81' lang='lat' dir='ltr'>incepisse3</span> <span class='ocrx_word' id='word_1_136' title='bbox 543 1471 779 1518; x_wconf 85' lang='lat' dir='ltr'>caeteros</span> <span class='ocrx_word' id='word_1_137' title='bbox 817 1481 1023 1532; x_wconf 89' lang='lat' dir='ltr'>quoque</span> <span class='ocrx_word' id='word_1_138' title='bbox 1063 1480 1244 1515; x_wconf 89' lang='lat' dir='ltr'>omnes</span> <span class='ocrx_word' id='word_1_139' title='bbox 1280 1464 1335 1515; x_wconf 89' lang='lat' dir='ltr'>in</span> <span class='ocrx_word' id='word_1_140' title='bbox 1370 1463 1744 1514; x_wconf 82' lang='lat' dir='ltr'>detrimentum</span> <span class='ocrx_word' id='word_1_141' title='bbox 1777 1465 1859 1514; x_wconf 85' lang='lat' dir='ltr'>sui</span> <span class='ocrx_word' id='word_1_142' title='bbox 1888 1461 1970 1513; x_wconf 93' lang='lat' dir='ltr'>vel</span> <span class='ocrx_word' id='word_1_143' title='bbox 2000 1460 2088 1513; x_wconf 91' lang='lat' dir='ltr'>de-</span> 
     </span>
     <span class='ocr_line' id='line_1_18' title="bbox 221 1532 2088 1602; baseline -0.004 -12"><span class='ocrx_word' id='word_1_144' title='bbox 221 1537 382 1591; x_wconf 86' lang='lat' dir='ltr'>decus</span> <span class='ocrx_word' id='word_1_145' title='bbox 420 1537 738 1590; x_wconf 90' lang='lat' dir='ltr'>convenisse.</span> <span class='ocrx_word' id='word_1_146' title='bbox 820 1537 961 1598; x_wconf 80' lang='lat' dir='ltr'>Quos</span> <span class='ocrx_word' id='word_1_147' title='bbox 1006 1535 1113 1586; x_wconf 88' lang='lat' dir='ltr'>iam</span> <span class='ocrx_word' id='word_1_148' title='bbox 1161 1535 1516 1602; x_wconf 88' lang='lat' dir='ltr'>irrumpentes</span> <span class='ocrx_word' id='word_1_149' title='bbox 1554 1533 1892 1595; x_wconf 84' lang='lat' dir='ltr'>Heribertus,</span> <span class='ocrx_word' id='word_1_150' title='bbox 1939 1532 2088 1600; x_wconf 91' lang='lat' dir='ltr'>Agri-</span> 
     </span>
     <span class='ocr_line' id='line_1_19' title="bbox 219 1604 2091 1677; baseline -0.003 -17"><span class='ocrx_word' id='word_1_151' title='bbox 219 1608 414 1677; x_wconf 78' lang='lat' dir='ltr'>pinae*</span> <span class='ocrx_word' id='word_1_152' title='bbox 451 1608 688 1674; x_wconf 90' lang='lat' dir='ltr'>provisor</span> <span class='ocrx_word' id='word_1_153' title='bbox 740 1606 1006 1674; x_wconf 83' lang='lat' dir='ltr'>egregiuS,</span> <span class='ocrx_word' id='word_1_154' title='bbox 1066 1605 1253 1658; x_wconf 88' lang='lat' dir='ltr'>sedare</span> <span class='ocrx_word' id='word_1_155' title='bbox 1300 1611 1546 1669; x_wconf 83' lang='lat' dir='ltr'>conatuS,</span> <span class='ocrx_word' id='word_1_156' title='bbox 1615 1604 1678 1657; x_wconf 92' lang='lat' dir='ltr'>de</span> <span class='ocrx_word' id='word_1_157' title='bbox 1738 1604 1972 1656; x_wconf 84' lang='lat' dir='ltr'>fenestra</span> <span class='ocrx_word' id='word_1_158' title='bbox 2030 1608 2091 1655; x_wconf 89' lang='lat' dir='ltr'>ut</span> 
     </span>
     <span class='ocr_line' id='line_1_20' title="bbox 221 1676 2089 1744; baseline -0.003 -12"><span class='ocrx_word' id='word_1_159' title='bbox 221 1697 438 1732; x_wconf 87' lang='lat' dir='ltr'>causam</span> <span class='ocrx_word' id='word_1_160' title='bbox 476 1684 657 1731; x_wconf 88' lang='lat' dir='ltr'>tantae</span> <span class='ocrx_word' id='word_1_161' title='bbox 695 1678 988 1730; x_wconf 88' lang='lat' dir='ltr'>invasionis</span> <span class='ocrx_word' id='word_1_162' title='bbox 1025 1677 1260 1744; x_wconf 87' lang='lat' dir='ltr'>inquirit,</span> <span class='ocrx_word' id='word_1_163' title='bbox 1299 1676 1537 1744; x_wconf 90' lang='lat' dir='ltr'>lapidum</span> <span class='ocrx_word' id='word_1_164' title='bbox 1576 1676 1743 1728; x_wconf 87' lang='lat' dir='ltr'>imbre</span> <span class='ocrx_word' id='word_1_165' title='bbox 1767 1682 1833 1728; x_wconf 59' lang='lat' dir='ltr'>&#39;et</span> <span class='ocrx_word' id='word_1_166' title='bbox 1871 1676 2089 1742; x_wconf 87' lang='lat' dir='ltr'>sagitta-</span> 
     </span>
     <span class='ocr_line' id='line_1_21' title="bbox 219 1745 2090 1803; baseline -0.003 0"><span class='ocrx_word' id='word_1_167' title='bbox 219 1768 338 1803; x_wconf 88' lang='lat' dir='ltr'>rum</span> <span class='ocrx_word' id='word_1_168' title='bbox 396 1750 661 1802; x_wconf 86' lang='lat' dir='ltr'>infusione</span> <span class='ocrx_word' id='word_1_169' title='bbox 726 1748 1035 1802; x_wconf 87' lang='lat' dir='ltr'>retruditur.</span> <span class='ocrx_word' id='word_1_170' title='bbox 1138 1748 1405 1800; x_wconf 89' lang='lat' dir='ltr'>Palatium</span> <span class='ocrx_word' id='word_1_171' title='bbox 1470 1752 1650 1799; x_wconf 88' lang='lat' dir='ltr'>autem</span> <span class='ocrx_word' id='word_1_172' title='bbox 1712 1746 1780 1799; x_wconf 90' lang='lat' dir='ltr'>ab</span> <span class='ocrx_word' id='word_1_173' title='bbox 1845 1745 2090 1798; x_wconf 90' lang='lat' dir='ltr'>hostibus</span> 
     </span>
     <span class='ocr_line' id='line_1_22' title="bbox 219 1815 2090 1890; baseline -0.003 -16"><span class='ocrx_word' id='word_1_174' title='bbox 219 1822 452 1890; x_wconf 86' lang='lat' dir='ltr'>graviter</span> <span class='ocrx_word' id='word_1_175' title='bbox 489 1822 880 1890; x_wconf 88' lang='lat' dir='ltr'>impugnatum,</span> <span class='ocrx_word' id='word_1_176' title='bbox 927 1838 959 1872; x_wconf 92' lang='lat' dir='ltr'>a</span> <span class='ocrx_word' id='word_1_177' title='bbox 997 1819 1335 1872; x_wconf 82' lang='lat' dir='ltr'>domesticisd</span> <span class='ocrx_word' id='word_1_178' title='bbox 1370 1819 1510 1886; x_wconf 89' lang='lat' dir='ltr'>regis</span> <span class='ocrx_word' id='word_1_179' title='bbox 1548 1817 1703 1870; x_wconf 83' lang='lat' dir='ltr'>facile</span> <span class='ocrx_word' id='word_1_180' title='bbox 1748 1815 2090 1869; x_wconf 88' lang='lat' dir='ltr'>numerandis</span> 
     </span>
     <span class='ocr_line' id='line_1_23' title="bbox 221 1887 2091 1955; baseline -0.004 -9"><span class='ocrx_word' id='word_1_181' title='bbox 221 1898 302 1946; x_wconf 91' lang='lat' dir='ltr'>est</span> <span class='ocrx_word' id='word_1_182' title='bbox 349 1892 571 1945; x_wconf 88' lang='lat' dir='ltr'>viriliter</span> <span class='ocrx_word' id='word_1_183' title='bbox 619 1892 908 1946; x_wconf 83' lang='lat' dir='ltr'>defensum.</span> <span class='ocrx_word' id='word_1_184' title='bbox 999 1890 1195 1943; x_wconf 89' lang='lat' dir='ltr'>Divisis</span> <span class='ocrx_word' id='word_1_185' title='bbox 1245 1891 1438 1942; x_wconf 90' lang='lat' dir='ltr'>etenim</span> <span class='ocrx_word' id='word_1_186' title='bbox 1486 1890 1539 1941; x_wconf 91' lang='lat' dir='ltr'>in</span> <span class='ocrx_word' id='word_1_187' title='bbox 1589 1889 1745 1955; x_wconf 91' lang='lat' dir='ltr'>plura</span> <span class='ocrx_word' id='word_1_188' title='bbox 1791 1887 2091 1941; x_wconf 87' lang='lat' dir='ltr'>necessaria</span> 
     </span>
     <span class='ocr_line' id='line_1_24' title="bbox 220 1958 2090 2018; baseline -0.003 -2"><span class='ocrx_word' id='word_1_189' title='bbox 220 1965 419 2018; x_wconf 86' lang='lat' dir='ltr'>nostris</span> <span class='ocrx_word' id='word_1_190' title='bbox 467 1964 638 2016; x_wconf 88' lang='lat' dir='ltr'>maior</span> <span class='ocrx_word' id='word_1_191' title='bbox 674 1964 751 2015; x_wconf 87' lang='lat' dir='ltr'>vis</span> <span class='ocrx_word' id='word_1_192' title='bbox 787 1961 1018 2014; x_wconf 87' lang='lat' dir='ltr'>excrevit</span> <span class='ocrx_word' id='word_1_193' title='bbox 1047 1961 1292 2015; x_wconf 82' lang='lat' dir='ltr'>inimiciS.</span> <span class='ocrx_word' id='word_1_194' title='bbox 1365 1961 1598 2012; x_wconf 87' lang='lat' dir='ltr'>Tandem</span> <span class='ocrx_word' id='word_1_195' title='bbox 1630 1960 1811 2012; x_wconf 89' lang='lat' dir='ltr'>audito</span> <span class='ocrx_word' id='word_1_196' title='bbox 1843 1958 2090 2012; x_wconf 89' lang='lat' dir='ltr'>clamoris</span> 
     </span>
     <span class='ocr_line' id='line_1_25' title="bbox 220 2031 2092 2102; baseline -0.004 -14"><span class='ocrx_word' id='word_1_197' title='bbox 220 2035 465 2088; x_wconf 90' lang='lat' dir='ltr'>immensi</span> <span class='ocrx_word' id='word_1_198' title='bbox 503 2035 726 2102; x_wconf 89' lang='lat' dir='ltr'>strepitu</span> <span class='ocrx_word' id='word_1_199' title='bbox 764 2034 931 2086; x_wconf 88' lang='lat' dir='ltr'>nostri</span> <span class='ocrx_word' id='word_1_200' title='bbox 970 2033 1223 2100; x_wconf 83' lang='lat' dir='ltr'>gregatim</span> <span class='ocrx_word' id='word_1_201' title='bbox 1265 2031 1333 2084; x_wconf 91' lang='lat' dir='ltr'>ad</span> <span class='ocrx_word' id='word_1_202' title='bbox 1369 2049 1544 2099; x_wconf 89' lang='lat' dir='ltr'>regem</span> <span class='ocrx_word' id='word_1_203' title='bbox 1570 2036 1861 2099; x_wconf 89' lang='lat' dir='ltr'>properant</span> <span class='ocrx_word' id='word_1_204' title='bbox 1889 2031 2092 2082; x_wconf 86' lang='lat' dir='ltr'>hostes—</span> 
     </span>
     <span class='ocr_line' id='line_1_26' title="bbox 221 2102 2091 2175; baseline -0.004 -16"><span class='ocrx_word' id='word_1_205' title='bbox 221 2124 323 2175; x_wconf 90' lang='lat' dir='ltr'>que</span> <span class='ocrx_word' id='word_1_206' title='bbox 375 2105 548 2159; x_wconf 87' lang='lat' dir='ltr'>adhuc</span> <span class='ocrx_word' id='word_1_207' title='bbox 599 2106 925 2157; x_wconf 86' lang='lat' dir='ltr'>insanientes</span> <span class='ocrx_word' id='word_1_208' title='bbox 976 2103 1250 2172; x_wconf 90' lang='lat' dir='ltr'>paululum</span> <span class='ocrx_word' id='word_1_209' title='bbox 1297 2103 1594 2171; x_wconf 88' lang='lat' dir='ltr'>expellunt;</span> <span class='ocrx_word' id='word_1_210' title='bbox 1646 2102 1739 2155; x_wconf 89' lang='lat' dir='ltr'>sed</span> <span class='ocrx_word' id='word_1_211' title='bbox 1783 2102 2091 2154; x_wconf 89' lang='lat' dir='ltr'>imminente</span> 
     </span>
     <span class='ocr_line' id='line_1_27' title="bbox 220 2173 2090 2244; baseline -0.003 -14"><span class='ocrx_word' id='word_1_212' title='bbox 220 2179 328 2230; x_wconf 91' lang='lat' dir='ltr'>iam</span> <span class='ocrx_word' id='word_1_213' title='bbox 378 2183 531 2229; x_wconf 91' lang='lat' dir='ltr'>nocte</span> <span class='ocrx_word' id='word_1_214' title='bbox 579 2177 787 2244; x_wconf 83' lang='lat' dir='ltr'>sagittis</span> <span class='ocrx_word' id='word_1_215' title='bbox 833 2181 993 2244; x_wconf 87' lang='lat' dir='ltr'>atque</span> <span class='ocrx_word' id='word_1_216' title='bbox 1037 2174 1305 2242; x_wconf 89' lang='lat' dir='ltr'>lapidibus</span> <span class='ocrx_word' id='word_1_217' title='bbox 1351 2174 1518 2227; x_wconf 90' lang='lat' dir='ltr'>obviis</span> <span class='ocrx_word' id='word_1_218' title='bbox 1562 2174 1861 2226; x_wconf 88' lang='lat' dir='ltr'>tardantur.</span> <span class='ocrx_word' id='word_1_219' title='bbox 1945 2173 2090 2235; x_wconf 80' lang='lat' dir='ltr'>Quae</span> 
     </span>
     <span class='ocr_line' id='line_1_28' title="bbox 221 2245 1593 2316; baseline -0.001 -15"><span class='ocrx_word' id='word_1_220' title='bbox 221 2248 289 2302; x_wconf 89' lang='lat' dir='ltr'>ad</span> <span class='ocrx_word' id='word_1_221' title='bbox 326 2248 655 2316; x_wconf 86' lang='lat' dir='ltr'>providenda</span> <span class='ocrx_word' id='word_1_222' title='bbox 692 2248 842 2300; x_wconf 90' lang='lat' dir='ltr'>urbis</span> <span class='ocrx_word' id='word_1_223' title='bbox 878 2251 1005 2299; x_wconf 93' lang='lat' dir='ltr'>tunc</span> <span class='ocrx_word' id='word_1_224' title='bbox 1042 2246 1332 2298; x_wconf 89' lang='lat' dir='ltr'>incendunt</span> <span class='ocrx_word' id='word_1_225' title='bbox 1369 2245 1593 2299; x_wconf 89' lang='lat' dir='ltr'>moenia.</span> 
     </span>
    </p>

    <p class='ocr_par' dir='ltr' id='par_1_4' title="bbox 190 2314 2093 3172">
     <span class='ocr_line' id='line_1_29' title="bbox 363 2314 2092 2386; baseline -0.005 -12"><span class='ocrx_word' id='word_1_226' title='bbox 363 2322 411 2374; x_wconf 79' lang='lat'>8.</span> <span class='ocrx_word' id='word_1_227' title='bbox 472 2318 656 2372; x_wconf 86' lang='lat' dir='ltr'>Nostri</span> <span class='ocrx_word' id='word_1_228' title='bbox 694 2326 895 2383; x_wconf 90' lang='lat' dir='ltr'>autem,</span> <span class='ocrx_word' id='word_1_229' title='bbox 943 2318 1035 2386; x_wconf 89' lang='lat' dir='ltr'>qui</span> <span class='ocrx_word' id='word_1_230' title='bbox 1079 2318 1210 2370; x_wconf 86' lang='lat' dir='ltr'>foris</span> <span class='ocrx_word' id='word_1_231' title='bbox 1255 2323 1428 2382; x_wconf 90' lang='lat' dir='ltr'>erant,</span> <span class='ocrx_word' id='word_1_232' title='bbox 1481 2317 1628 2369; x_wconf 89' lang='lat' dir='ltr'>urbis</span> <span class='ocrx_word' id='word_1_233' title='bbox 1672 2314 2092 2383; x_wconf 86' lang='lat' dir='ltr'>propug*nacula</span> 
     </span>
     <span class='ocr_line' id='line_1_30' title="bbox 220 2385 2093 2458; baseline -0.004 -14"><span class='ocrx_word' id='word_1_234' title='bbox 220 2391 434 2444; x_wconf 82' lang='lat' dir='ltr'>fortiter</span> <span class='ocrx_word' id='word_1_235' title='bbox 482 2390 796 2455; x_wconf 87' lang='lat' dir='ltr'>ascendunt,</span> <span class='ocrx_word' id='word_1_236' title='bbox 855 2389 1046 2458; x_wconf 90' lang='lat' dir='ltr'>quibus</span> <span class='ocrx_word' id='word_1_237' title='bbox 1096 2390 1169 2440; x_wconf 88' lang='lat' dir='ltr'>hii</span> <span class='ocrx_word' id='word_1_238' title='bbox 1219 2389 1294 2441; x_wconf 87' lang='lat' dir='ltr'>sic</span> <span class='ocrx_word' id='word_1_239' title='bbox 1342 2388 1533 2442; x_wconf 89' lang='lat' dir='ltr'>melius</span> <span class='ocrx_word' id='word_1_240' title='bbox 1584 2387 1914 2440; x_wconf 89' lang='lat' dir='ltr'>resistebant.</span> <span class='ocrx_word' id='word_1_241' title='bbox 2010 2385 2093 2437; x_wconf 91' lang='lat' dir='ltr'>Ibi</span> 
     </span>
     <span class='ocr_line' id='line_1_31' title="bbox 219 2459 2092 2531; baseline -0.004 -16"><span class='ocrx_word' id='word_1_242' title='bbox 219 2468 332 2515; x_wconf 90' lang='lat' dir='ltr'>tum</span> <span class='ocrx_word' id='word_1_243' title='bbox 371 2462 587 2531; x_wconf 90' lang='lat' dir='ltr'>quidam</span> <span class='ocrx_word' id='word_1_244' title='bbox 626 2462 863 2530; x_wconf 66' lang='lat' dir='ltr'>egreiuse</span> <span class='ocrx_word' id='word_1_245' title='bbox 900 2461 1119 2521; x_wconf 84' lang='lat' dir='ltr'>iuveniS,</span> <span class='ocrx_word' id='word_1_246' title='bbox 1167 2460 1487 2513; x_wconf 87' lang='lat' dir='ltr'>Gisilbertus</span> <span class='ocrx_word' id='word_1_247' title='bbox 1525 2459 1760 2523; x_wconf 90' lang='lat' dir='ltr'>nomine,</span> <span class='ocrx_word' id='word_1_248' title='bbox 1805 2461 1973 2510; x_wconf 84' lang='lat' dir='ltr'>frater</span> <span class='ocrx_word' id='word_1_249' title='bbox 2009 2474 2092 2509; x_wconf 89' lang='lat' dir='ltr'>re-</span> 
     </span>
     <span class='ocr_line' id='line_1_32' title="bbox 220 2529 2092 2602; baseline -0.003 -16"><span class='ocrx_word' id='word_1_250' title='bbox 220 2534 396 2602; x_wconf 87' lang='lat' dir='ltr'>ginae,</span> <span class='ocrx_word' id='word_1_251' title='bbox 457 2551 489 2584; x_wconf 91' lang='lat' dir='ltr'>a</span> <span class='ocrx_word' id='word_1_252' title='bbox 538 2532 900 2601; x_wconf 91' lang='lat' dir='ltr'>Longobardis</span> <span class='ocrx_word' id='word_1_253' title='bbox 944 2533 1250 2584; x_wconf 91' lang='lat' dir='ltr'>vulneratus</span> <span class='ocrx_word' id='word_1_254' title='bbox 1298 2529 1564 2600; x_wconf 81' lang='lat' dir='ltr'>oppeciit2</span> <span class='ocrx_word' id='word_1_255' title='bbox 1623 2536 1676 2582; x_wconf 91' lang='lat' dir='ltr'>et</span> <span class='ocrx_word' id='word_1_256' title='bbox 1729 2529 2092 2583; x_wconf 90' lang='lat' dir='ltr'>consociorum</span> 
     </span>
     <span class='ocr_line' id='line_1_33' title="bbox 219 2600 2093 2666; baseline -0.003 -9"><span class='ocrx_word' id='word_1_257' title='bbox 219 2605 502 2657; x_wconf 87' lang='lat' dir='ltr'>tristiciam</span> <span class='ocrx_word' id='word_1_258' title='bbox 554 2605 888 2657; x_wconf 90' lang='lat' dir='ltr'>vehementer</span> <span class='ocrx_word' id='word_1_259' title='bbox 939 2603 1175 2656; x_wconf 86' lang='lat' dir='ltr'>adauxit.</span> <span class='ocrx_word' id='word_1_260' title='bbox 1277 2603 1441 2666; x_wconf 85' lang='lat' dir='ltr'>Quem</span> <span class='ocrx_word' id='word_1_261' title='bbox 1497 2603 1770 2655; x_wconf 87' lang='lat' dir='ltr'>Vulferam</span> <span class='ocrx_word' id='word_1_262' title='bbox 1824 2601 1974 2652; x_wconf 91' lang='lat' dir='ltr'>miles</span> <span class='ocrx_word' id='word_1_263' title='bbox 2036 2600 2093 2651; x_wconf 91' lang='lat' dir='ltr'>in</span> 
     </span>
     <span class='ocr_line' id='line_1_34' title="bbox 220 2673 2093 2744; baseline -0.002 -16"><span class='ocrx_word' id='word_1_264' title='bbox 220 2675 453 2728; x_wconf 90' lang='lat' dir='ltr'>medium</span> <span class='ocrx_word' id='word_1_265' title='bbox 493 2693 680 2744; x_wconf 81' lang='lat' dir='ltr'>agmen</span> <span class='ocrx_word' id='word_1_266' title='bbox 716 2674 1000 2744; x_wconf 89' lang='lat' dir='ltr'>prosiliens</span> <span class='ocrx_word' id='word_1_267' title='bbox 1039 2691 1308 2742; x_wconf 91' lang='lat' dir='ltr'>unumque</span> <span class='ocrx_word' id='word_1_268' title='bbox 1346 2692 1409 2726; x_wconf 90' lang='lat' dir='ltr'>ex</span> <span class='ocrx_word' id='word_1_269' title='bbox 1448 2675 1528 2726; x_wconf 89' lang='lat' dir='ltr'>his</span> <span class='ocrx_word' id='word_1_270' title='bbox 1563 2692 1659 2741; x_wconf 92' lang='lat' dir='ltr'>per</span> <span class='ocrx_word' id='word_1_271' title='bbox 1690 2673 1892 2740; x_wconf 88' lang='lat' dir='ltr'>galeam</span> <span class='ocrx_word' id='word_1_272' title='bbox 1924 2688 2093 2738; x_wconf 89' lang='lat' dir='ltr'>usque</span> 
     </span>
     <span class='ocr_line' id='line_1_35' title="bbox 221 2743 2092 2815; baseline -0.003 -16"><span class='ocrx_word' id='word_1_273' title='bbox 221 2748 276 2799; x_wconf 91' lang='lat' dir='ltr'>in</span> <span class='ocrx_word' id='word_1_274' title='bbox 315 2746 552 2815; x_wconf 89' lang='lat' dir='ltr'>iugulum</span> <span class='ocrx_word' id='word_1_275' title='bbox 590 2746 785 2799; x_wconf 86' lang='lat' dir='ltr'>feriens</span> <span class='ocrx_word' id='word_1_276' title='bbox 824 2763 1042 2799; x_wconf 91' lang='lat' dir='ltr'>securus</span> <span class='ocrx_word' id='word_1_277' title='bbox 1078 2745 1382 2798; x_wconf 87' lang='lat' dir='ltr'>vindicavit.</span> <span class='ocrx_word' id='word_1_278' title='bbox 1462 2745 1548 2798; x_wconf 87' lang='lat' dir='ltr'>Sic</span> <span class='ocrx_word' id='word_1_279' title='bbox 1589 2743 1906 2797; x_wconf 88' lang='lat' dir='ltr'>alternando</span> <span class='ocrx_word' id='word_1_280' title='bbox 1947 2743 2092 2810; x_wconf 90' lang='lat' dir='ltr'>quie—</span> 
     </span>
     <span class='ocr_line' id='line_1_36' title="bbox 220 2813 2093 2889; baseline -0.004 -18"><span class='ocrx_word' id='word_1_281' title='bbox 220 2824 327 2871; x_wconf 85' lang='lat' dir='ltr'>tem</span> <span class='ocrx_word' id='word_1_282' title='bbox 366 2819 570 2871; x_wconf 87' lang='lat' dir='ltr'>cunctis</span> <span class='ocrx_word' id='word_1_283' title='bbox 608 2819 835 2871; x_wconf 90' lang='lat' dir='ltr'>amicam</span> <span class='ocrx_word' id='word_1_284' title='bbox 873 2816 1017 2889; x_wconf 89' lang='lat' dir='ltr'>[belli</span> <span class='ocrx_word' id='word_1_285' title='bbox 1055 2815 1395 2888; x_wconf 75' lang='lat' dir='ltr'>ajsperitatef</span> <span class='ocrx_word' id='word_1_286' title='bbox 1429 2816 1727 2870; x_wconf 85' lang='lat' dir='ltr'>mutabant.</span> <span class='ocrx_word' id='word_1_287' title='bbox 1799 2813 2093 2866; x_wconf 89' lang='lat' dir='ltr'>Nonnullos</span> 
     </span>
     <span class='ocr_line' id='line_1_37' title="bbox 222 2884 2092 2958; baseline -0.003 -16"><span class='ocrx_word' id='word_1_288' title='bbox 222 2908 284 2942; x_wconf 93' lang='lat' dir='ltr'>ex</span> <span class='ocrx_word' id='word_1_289' title='bbox 315 2889 574 2951; x_wconf 77' lang='lat' dir='ltr'>hostibuS,</span> <span class='ocrx_word' id='word_1_290' title='bbox 616 2907 748 2958; x_wconf 84' lang='lat' dir='ltr'>quos</span> <span class='ocrx_word' id='word_1_291' title='bbox 779 2889 826 2941; x_wconf 92' lang='lat' dir='ltr'>vi</span> <span class='ocrx_word' id='word_1_292' title='bbox 857 2889 1138 2957; x_wconf 87' lang='lat' dir='ltr'>capiebant</span> <span class='ocrx_word' id='word_1_293' title='bbox 1166 2889 1352 2950; x_wconf 78' lang='lat' dir='ltr'>nostri,</span> <span class='ocrx_word' id='word_1_294' title='bbox 1385 2889 1527 2940; x_wconf 89' lang='lat' dir='ltr'>vivos</span> <span class='ocrx_word' id='word_1_295' title='bbox 1558 2889 1671 2954; x_wconf 87' lang='lat' dir='ltr'>regi</span> <span class='ocrx_word' id='word_1_296' title='bbox 1699 2884 2092 2955; x_wconf 89' lang='lat' dir='ltr'>presentabant.</span> 
     </span>
     <span class='ocr_line' id='line_1_38' title="bbox 223 2956 2092 3032; baseline -0.004 -19"><span class='ocrx_word' id='word_1_297' title='bbox 223 2959 431 3032; x_wconf 84' lang='lat' dir='ltr'>Subi[to</span> <span class='ocrx_word' id='word_1_298' title='bbox 470 2959 689 3032; x_wconf 91' lang='lat' dir='ltr'>ibi]dem</span> <span class='ocrx_word' id='word_1_299' title='bbox 727 2978 834 3012; x_wconf 91' lang='lat' dir='ltr'>una</span> <span class='ocrx_word' id='word_1_300' title='bbox 873 2961 1075 3024; x_wconf 79' lang='lat' dir='ltr'>domuS,</span> <span class='ocrx_word' id='word_1_301' title='bbox 1125 2977 1260 3027; x_wconf 89' lang='lat' dir='ltr'>quae</span> <span class='ocrx_word' id='word_1_302' title='bbox 1298 2965 1507 3012; x_wconf 88' lang='lat' dir='ltr'>nostros</span> <span class='ocrx_word' id='word_1_303' title='bbox 1545 2959 1795 3012; x_wconf 85' lang='lat' dir='ltr'>tuebatur</span> <span class='ocrx_word' id='word_1_304' title='bbox 1832 2956 2092 3023; x_wconf 87' lang='lat' dir='ltr'>defatiga—</span> 
     </span>
     <span class='ocr_line' id='line_1_39' title="bbox 190 3027 2093 3099; baseline -0.004 -14"><span class='ocrx_word' id='word_1_305' title='bbox 190 3037 318 3096; x_wconf 75' lang='lat' dir='ltr'>.tos,</span> <span class='ocrx_word' id='word_1_306' title='bbox 359 3050 391 3084; x_wconf 91' lang='lat' dir='ltr'>a</span> <span class='ocrx_word' id='word_1_307' title='bbox 421 3032 782 3099; x_wconf 89' lang='lat' dir='ltr'>Longobardis</span> <span class='ocrx_word' id='word_1_308' title='bbox 813 3033 1029 3085; x_wconf 89' lang='lat' dir='ltr'>incensa</span> <span class='ocrx_word' id='word_1_309' title='bbox 1059 3032 1183 3092; x_wconf 88' lang='lat' dir='ltr'>ruit,</span> <span class='ocrx_word' id='word_1_310' title='bbox 1223 3036 1281 3083; x_wconf 90' lang='lat' dir='ltr'>at</span> <span class='ocrx_word' id='word_1_311' title='bbox 1311 3048 1398 3083; x_wconf 91' lang='lat' dir='ltr'>eos</span> <span class='ocrx_word' id='word_1_312' title='bbox 1429 3031 1576 3082; x_wconf 88' lang='lat' dir='ltr'>nulla</span> <span class='ocrx_word' id='word_1_313' title='bbox 1609 3031 1721 3097; x_wconf 89' lang='lat' dir='ltr'>spei</span> <span class='ocrx_word' id='word_1_314' title='bbox 1752 3027 2093 3081; x_wconf 85' lang='lat' dir='ltr'>certi*tudine</span> 
     </span>
     <span class='ocr_line' id='line_1_40' title="bbox 220 3100 2092 3172; baseline -0.004 -16"><span class='ocrx_word' id='word_1_315' title='bbox 220 3104 419 3172; x_wconf 91' lang='lat' dir='ltr'>potitos</span> <span class='ocrx_word' id='word_1_316' title='bbox 477 3104 763 3156; x_wconf 88' lang='lat' dir='ltr'>alacriores</span> <span class='ocrx_word' id='word_1_317' title='bbox 825 3103 964 3156; x_wconf 91' lang='lat' dir='ltr'>bello</span> <span class='ocrx_word' id='word_1_318' title='bbox 1022 3101 1270 3157; x_wconf 87' lang='lat' dir='ltr'>reddidit.</span> <span class='ocrx_word' id='word_1_319' title='bbox 1370 3102 1587 3154; x_wconf 88' lang='lat' dir='ltr'>Interim</span> <span class='ocrx_word' id='word_1_320' title='bbox 1642 3100 1919 3153; x_wconf 89' lang='lat' dir='ltr'>Alemanni</span> <span class='ocrx_word' id='word_1_321' title='bbox 1973 3116 2092 3151; x_wconf 90' lang='lat' dir='ltr'>cum</span> 
     </span>
    </p>
   </div>
   <div class='ocr_carea' id='block_1_3' title="bbox 319 3217 711 3271">
    <p class='ocr_par' dir='ltr' id='par_1_5' title="bbox 319 3217 711 3271">
     <span class='ocr_line' id='line_1_41' title="bbox 319 3217 711 3271; baseline -0.003 -9"><span class='ocrx_word' id='word_1_322' title='bbox 319 3218 364 3271; x_wconf 65' lang='lat'>³³⁶)</span> <span class='ocrx_word' id='word_1_323' title='bbox 396 3217 510 3262; x_wconf 86' lang='lat' dir='ltr'>sedis</span> <span class='ocrx_word' id='word_1_324' title='bbox 541 3219 647 3263; x_wconf 81' lang='lat' dir='ltr'>add.</span> <span class='ocrx_word' id='word_1_325' title='bbox 671 3220 711 3262; x_wconf 76' lang='lat'>2.</span> 
     </span>
    </p>
   </div>
   <div class='ocr_carea' id='block_1_4' title="bbox 222 3312 2094 3442">
    <p class='ocr_par' dir='ltr' id='par_1_6' title="bbox 222 3312 2094 3442">
     <span class='ocr_line' id='line_1_42' title="bbox 222 3312 2092 3356; baseline -0.003 -8"><span class='ocrx_word' id='word_1_326' title='bbox 222 3315 258 3356; x_wconf 83' lang='lat' dir='ltr'>a)</span> <span class='ocrx_word' id='word_1_327' title='bbox 280 3317 462 3356; x_wconf 80' lang='lat' dir='ltr'>exploraci</span> <span class='ocrx_word' id='word_1_328' title='bbox 481 3317 558 3348; x_wconf 57' lang='lat' dir='ltr'>eiua</span> <span class='ocrx_word' id='word_1_329' title='bbox 578 3317 620 3355; x_wconf 83' lang='grc' dir='ltr'>Α,</span> <span class='ocrx_word' id='word_1_330' title='bbox 636 3327 724 3348; x_wconf 84' lang='lat' dir='ltr'>corr.</span> <span class='ocrx_word' id='word_1_331' title='bbox 744 3318 782 3348; x_wconf 76' lang='lat' dir='ltr'>T.</span> <span class='ocrx_word' id='word_1_332' title='bbox 858 3315 895 3356; x_wconf 87' lang='lat' dir='ltr'>b)</span> <span class='ocrx_word' id='word_1_333' title='bbox 916 3316 1056 3356; x_wconf 82' lang='lat' dir='ltr'>plebios</span> <span class='ocrx_word' id='word_1_334' title='bbox 1074 3318 1104 3348; x_wconf 85' lang='lat'>1.</span> <span class='ocrx_word' id='word_1_335' title='bbox 1178 3314 1212 3355; x_wconf 86' lang='lat' dir='ltr'>c)</span> <span class='ocrx_word' id='word_1_336' title='bbox 1236 3316 1372 3347; x_wconf 83' lang='lat' dir='ltr'>seruile</span> <span class='ocrx_word' id='word_1_337' title='bbox 1387 3316 1430 3347; x_wconf 82' lang='lat' dir='ltr'>A.</span> <span class='ocrx_word' id='word_1_338' title='bbox 1509 3314 1546 3354; x_wconf 91' lang='lat' dir='ltr'>d)</span> <span class='ocrx_word' id='word_1_339' title='bbox 1569 3313 1741 3344; x_wconf 83' lang='lat' dir='ltr'>domestis</span> <span class='ocrx_word' id='word_1_340' title='bbox 1758 3315 1788 3343; x_wconf 90' lang='lat'>1.</span> <span class='ocrx_word' id='word_1_341' title='bbox 1866 3312 1900 3352; x_wconf 88' lang='lat' dir='ltr'>e)</span> <span class='ocrx_word' id='word_1_342' title='bbox 1923 3312 2044 3350; x_wconf 85' lang='lat' dir='ltr'>egrius</span> <span class='ocrx_word' id='word_1_343' title='bbox 2063 3313 2092 3343; x_wconf 88' lang='lat' dir='ltr'>l.</span> 
     </span>
     <span class='ocr_line' id='line_1_43' title="bbox 224 3355 2094 3401; baseline -0.003 -10"><span class='ocrx_word' id='word_1_344' title='bbox 224 3359 254 3400; x_wconf 84' lang='lat' dir='ltr'>f)</span> <span class='ocrx_word' id='word_1_345' title='bbox 284 3357 404 3398; x_wconf 59' lang='lat' dir='ltr'>quiete</span> <span class='ocrx_word' id='word_1_346' title='bbox 427 3359 514 3391; x_wconf 85' lang='lat' dir='ltr'>belli</span> <span class='ocrx_word' id='word_1_347' title='bbox 536 3359 655 3391; x_wconf 78' lang='lat' dir='ltr'>cuntis</span> <span class='ocrx_word' id='word_1_348' title='bbox 679 3359 796 3390; x_wconf 69' lang='lat' dir='ltr'>amici]</span> <span class='ocrx_word' id='word_1_349' title='bbox 812 3368 833 3391; x_wconf 82' lang='lat' dir='ltr'>a</span> <span class='ocrx_word' id='word_1_350' title='bbox 855 3375 897 3382; x_wconf 88' lang='lat'>-</span> <span class='ocrx_word' id='word_1_351' title='bbox 920 3360 1092 3398; x_wconf 84' lang='lat' dir='ltr'>speritate</span> <span class='ocrx_word' id='word_1_352' title='bbox 1115 3360 1153 3390; x_wconf 78' lang='lat' dir='ltr'>in</span> <span class='ocrx_word' id='word_1_353' title='bbox 1176 3358 1313 3390; x_wconf 71' lang='lat' dir='ltr'>duabus</span> <span class='ocrx_word' id='word_1_354' title='bbox 1335 3359 1436 3390; x_wconf 72' lang='lat' dir='ltr'>lineis</span> <span class='ocrx_word' id='word_1_355' title='bbox 1458 3357 1507 3401; x_wconf 82' lang='lat' dir='ltr'>A3</span> <span class='ocrx_word' id='word_1_356' title='bbox 1532 3358 1689 3397; x_wconf 79' lang='lat' dir='ltr'>quietem</span> <span class='ocrx_word' id='word_1_357' title='bbox 1713 3355 1854 3387; x_wconf 86' lang='lat' dir='ltr'>cunctis</span> <span class='ocrx_word' id='word_1_358' title='bbox 1876 3356 2028 3386; x_wconf 81' lang='lat' dir='ltr'>amicam</span> <span class='ocrx_word' id='word_1_359' title='bbox 2051 3372 2094 3378; x_wconf 90' lang='lat'><em>-</em></span> 
     </span>
     <span class='ocr_line' id='line_1_44' title="bbox 223 3401 1201 3442; baseline -0.002 -8"><span class='ocrx_word' id='word_1_360' title='bbox 223 3401 315 3434; x_wconf 81' lang='lat' dir='ltr'>belli</span> <span class='ocrx_word' id='word_1_361' title='bbox 338 3403 534 3442; x_wconf 83' lang='lat' dir='ltr'>asperitate</span> <span class='ocrx_word' id='word_1_362' title='bbox 557 3412 645 3434; x_wconf 84' lang='lat' dir='ltr'>corr.</span> <span class='ocrx_word' id='word_1_363' title='bbox 667 3403 712 3441; x_wconf 83' lang='lat' dir='ltr'>T3</span> <span class='ocrx_word' id='word_1_364' title='bbox 747 3402 873 3434; x_wconf 82' lang='lat' dir='ltr'>Martis</span> <span class='ocrx_word' id='word_1_365' title='bbox 896 3403 928 3441; x_wconf 81' lang='lat'>2,</span> <span class='ocrx_word' id='word_1_366' title='bbox 952 3402 1081 3441; x_wconf 81' lang='lat' dir='ltr'>praelii</span> <span class='ocrx_word' id='word_1_367' title='bbox 1103 3401 1146 3433; x_wconf 78' lang='lat' dir='ltr'>A.</span> <span class='ocrx_word' id='word_1_368' title='bbox 1164 3401 1201 3433; x_wconf 89' lang='lat' dir='ltr'>S.</span> 
     </span>
    </p>
   </div>
   <div class='ocr_carea' id='block_1_5' title="bbox 224 3486 2095 3656">
    <p class='ocr_par' dir='ltr' id='par_1_7' title="bbox 224 3486 2095 3656">
     <span class='ocr_line' id='line_1_45' title="bbox 225 3486 2095 3539; baseline -0.001 -9"><span class='ocrx_word' id='word_1_369' title='bbox 225 3486 266 3537; x_wconf 82' lang='lat'>1)</span> <span class='ocrx_word' id='word_1_370' title='bbox 308 3489 356 3531; x_wconf 90' lang='lat' dir='ltr'>V.</span> <span class='ocrx_word' id='word_1_371' title='bbox 382 3486 577 3532; x_wconf 79' lang='lat' dir='ltr'>‘Jahrb.’</span> <span class='ocrx_word' id='word_1_372' title='bbox 608 3490 649 3539; x_wconf 92' lang='lat' dir='ltr'>I,</span> <span class='ocrx_word' id='word_1_373' title='bbox 680 3487 778 3532; x_wconf 89' lang='grc'><strong>306.</strong></span> <span class='ocrx_word' id='word_1_374' title='bbox 893 3488 936 3538; x_wconf 79' lang='grc'>2)</span> <span class='ocrx_word' id='word_1_375' title='bbox 969 3487 1146 3532; x_wconf 66' lang='lat' dir='ltr'>Scilicet</span> <span class='ocrx_word' id='word_1_376' title='bbox 1175 3488 1251 3530; x_wconf 76' lang='lat' dir='ltr'>illo</span> <span class='ocrx_word' id='word_1_377' title='bbox 1282 3487 1354 3529; x_wconf 75' lang='lat' dir='ltr'>die</span> <span class='ocrx_word' id='word_1_378' title='bbox 1383 3487 1645 3530; x_wconf 76' lang='lat' dir='ltr'>vulneratus</span> <span class='ocrx_word' id='word_1_379' title='bbox 1675 3486 1779 3528; x_wconf 72' lang='lat' dir='ltr'>Mai</span> <span class='ocrx_word' id='word_1_380' title='bbox 1811 3486 1862 3529; x_wconf 83' lang='grc'>18</span> <span class='ocrx_word' id='word_1_381' title='bbox 1891 3488 2095 3528; x_wconf 80' lang='lat' dir='ltr'>mortuus</span> 
     </span>
     <span class='ocr_line' id='line_1_46' title="bbox 224 3540 2093 3656; baseline -0.003 -68"><span class='ocrx_word' id='word_1_382' title='bbox 224 3545 756 3656; x_wconf 36' lang='lat' dir='ltr'>{ffgdgegffiilihMerseh</span> <span class='ocrx_word' id='word_1_383' title='bbox 796 3545 899 3589; x_wconf 88' lang='lat' dir='ltr'>XV.</span> <span class='ocrx_word' id='word_1_384' title='bbox 925 3545 1030 3589; x_wconf 79' lang='lat' dir='ltr'>Kal.</span> <span class='ocrx_word' id='word_1_385' title='bbox 1055 3546 1190 3588; x_wconf 68' lang='lat' dir='ltr'>Iuro..-</span> <span class='ocrx_word' id='word_1_386' title='bbox 1241 3542 1508 3586; x_wconf 84' lang='lat' dir='ltr'>Gisilbertus</span> <span class='ocrx_word' id='word_1_387' title='bbox 1547 3542 1687 3586; x_wconf 86' lang='lat' dir='ltr'>frater</span> <span class='ocrx_word' id='word_1_388' title='bbox 1717 3543 1901 3597; x_wconf 88' lang='lat' dir='ltr'>reginae</span> <span class='ocrx_word' id='word_1_389' title='bbox 1932 3540 2093 3585; x_wconf 87' lang='lat' dir='ltr'>Chuni-</span> 
     </span>
    </p>
   </div>
   <div class='ocr_carea' id='block_1_6' title="bbox 0 0 192 4036">
    <p class='ocr_par' dir='ltr' id='par_1_8' title="bbox 0 0 192 4036">
     <span class='ocr_line' id='line_1_47' title="bbox 0 0 192 4036; baseline 0 0"><span class='ocrx_word' id='word_1_390' title='bbox 0 0 192 4036; x_wconf 95' lang='lat' dir='ltr'> </span> 
     </span>
    </p>
   </div>
  </div>
 </body>
</html>
