2456 4036
85 1720 92 1728 .
110 1695 195 1728 137¹.

653 276 989 320 THIETMARI
1021 276 1238 322 CHRON.
1295 278 1406 321 LIB.
1438 278 1528 321 VII
1559 278 1674 331 (VI).
2019 282 2101 324 187

369 399 500 469 (56.)
546 401 609 452 In
640 401 825 453 diebus
851 403 955 454 illis
978 403 1227 471 Bronhag
1257 403 1425 456 abbas
1451 403 1734 457 Vuldensis
1765 404 2048 471 deponitur
2063 405 2098 469 ¹,
2131 418 2256 460 1013.

227 475 279 523 et
326 470 640 523 succedente
690 471 791 524 sibi
842 473 1051 540 Popone
1102 492 1354 527 converso
1403 480 1456 527 et
1500 481 1627 528 tunc
1672 476 2354 531 Laressemensiunnouem.

225 540 476 610 pastore2
538 542 635 594 hoc
684 546 1064 595 monasterium
1129 545 1490 599 confratribus
1539 547 1646 599 late
1702 546 2100 600 discedentibus

226 630 259 664 a
294 612 461 680 priori
499 617 641 664 statu
684 619 933 667 mutatur.

368 682 428 734 In
493 685 703 737 civitate
762 685 1062 737 Bernhardi
1121 686 1271 739 ducis
1337 687 1605 756 Liunberg
1662 688 1841 741 dicta3
1914 688 2099 742 eodem
2116 706 2354 745 Ann.Que‹11.

224 770 362 806 anno
401 756 541 806 aeris
577 754 636 807 fit
674 757 810 808 mira
849 756 1079 809 mutacio
1124 762 1285 826 atque
1334 759 1498 811 motio
1538 767 1591 812 et
1622 761 1891 813 inmensus
1923 766 2099 813 terrae

224 825 419 877 hiatus
516 825 632 878 Hoc
685 832 862 895 stupet
912 827 1099 879 accola
1151 834 1203 880 et
1256 846 1311 880 se
1364 829 1512 896 prius
1564 849 1851 900 numquam
1906 832 2099 884 vidisse

225 901 469 951 testatur.

364 968 450 1020 32.
523 967 636 1019 Rex
685 974 864 1020 autem
912 968 981 1020 ad
1027 969 1384 1022 occidentales
1428 989 1651 1040 pergens
1703 974 1942 1042 regiones
1997 974 2102 1026 iter
2121 991 2356 1029 Annonem.

224 1055 376 1090 suum
409 1039 476 1090 ad
509 1038 937 1105 Longabardiam
971 1039 1237 1106 disposuit
1269 1046 1322 1092 et
1351 1043 1545 1095 iterum
1576 1043 1644 1095 ad
1675 1062 1771 1097 nos
1805 1045 2098 1113 repedavit3

224 1114 278 1162 et
328 1109 451 1161 inde
505 1109 594 1160 XI.
636 1110 752 1165 Kal.
797 1110 1011 1163 Octobr.
1068 1110 1346 1163 discedens
1404 1130 1499 1180 per
1552 1114 1916 1168 Bawariorum
1969 1116 2100 1169 fines
2126 1133 2291 1174 Sept.21.

224 1185 384 1249 atque
410 1180 710 1234 Swevorum
735 1199 903 1250 usque
927 1182 997 1234 ad
1018 1182 1212 1247 locum,
1246 1183 1339 1250 qui
1364 1183 1559 1236 dicitur
1583 1228 1594 1239 .
1614 1226 1624 1238 .
1646 1187 1707 1250 Α),
1741 1186 2097 1256 properavit4.

223 1251 342 1304 Huc
366 1253 660 1305 excercitus
695 1253 931 1321 undique
963 1252 1184 1306 confiuit
1223 1260 1275 1305 et
1305 1253 1439 1306 bene
1471 1255 1835 1310 adiuvantium
1858 1259 2100 1311 voluntas

222 1323 413 1391 patuit.
494 1324 565 1375 Et
608 1323 732 1376 hinc
779 1342 945 1393 usque
989 1324 1058 1376 ad
1100 1325 1319 1377 Romam
1366 1343 1461 1377 rex
1505 1328 1620 1379 sine
1665 1330 1806 1381 omni
1852 1330 2099 1398 scrupulo
2133 1341 2296 1394 (1014).

222 1395 407 1462 regina
458 1396 743 1448 comitante
795 1397 951 1448 venit.
1055 1395 1134 1448 Ad
1190 1397 1616 1465 supplementum
1677 1398 1835 1453 huius
1894 1402 2101 1453 itineris

222 1466 520 1518 Bolizlavus
558 1471 717 1519 ant-ea
756 1468 1010 1519 invitatus
1051 1467 1128 1519 nil
1165 1469 1451 1536 asspiravit
1489 1475 1543 1521 et
1573 1471 1629 1522 in
1660 1470 1792 1524 bene
1822 1473 2101 1539 promissis

224 1553 368 1589 more
408 1537 564 1589 solito
603 1538 831 1590 mendax
876 1539 1140 1607 apparuit.
1226 1539 1447 1608 Insuper
1491 1546 1648 1593 antea
1693 1542 1884 1595 domno
1931 1561 2102 1612 papae

223 1614 442 1676 questus
496 1614 576 1673 est
628 1627 722 1677 per
776 1611 1035 1679 epistolae
1086 1611 1419 1679 portitorem,
1481 1618 1542 1664 ut
1594 1630 1698 1665 non
1756 1614 1941 1667 liceret
2000 1614 2102 1667 sibi

221 1687 437 1748 propter
459 1680 689 1733 latentes
707 1682 846 1749 regis
863 1681 1133 1746 *insidias,
1160 1683 1480 1750 promissum
1497 1684 1726 1753 principi
1742 1686 2101 1753 apostolorum

220 1752 376 1804 Petro
430 1752 729 1819 persolvere
783 1762 1046 1807 censumc.
1144 1754 1292 1806 Tunc
1343 1772 1465 1807 vero
1519 1756 1697 1808 missis
1750 1756 1842 1809 illo
1901 1758 2101 1810 nuntiis

222 1824 385 1875 tacite
436 1824 687 1890 rimatur,
749 1824 980 1893 qualiter
1030 1842 1122 1877 rex
1174 1826 1230 1877 in
1285 1823 1430 1896 [hiis]
1487 1826 1729 1892 partibus
1788 1827 2100 1894 haberetur3

222 1912 584 1963 quoscumque
621 1897 812 1964 potuit,
853 1896 921 1948 ab
962 1897 1076 1948 eius
1113 1898 1286 1964 gratia
1324 1914 1419 1966 per
1456 1897 1553 1950 1103
1586 1916 1829 1951 amovere
1867 1907 2103 1954 conatus,

221 1966 425 2019 Tantus
462 1966 566 2019 fuit
603 1967 726 2019 huic
766 1973 1040 2034 respectus
1082 1969 1178 2020 Dei
1228 1975 1282 2020 et
1321 1969 1398 2020 310
1434 1970 1645 2036 piorum
1684 1971 1913 2038 quesivit
1944 1973 2103 2024 inter—

221 2043 433 2090 ventum
480 2055 542 2090 ac
587 2038 665 2091 ita
710 2038 924 2091 cluebat
963 2039 1152 2091 militis
1190 2039 1362 2092 incliti
1391 2038 1545 2093 firma
1574 2041 1706 2094 fides
1747 2049 1801 2094 et
1832 2042 1896 2095 de
1926 2060 2102 2096 sacra-

220 2109 414 2162 mentis
451 2109 782 2162 terribilibus
821 2110 957 2163 adeo
997 2111 1223 2163 curavit!
1301 2112 1531 2166 Attende
1568 2113 1753 2175 lector,
1800 2114 1930 2182 quid
1966 2116 2106 2167 inter

222 2186 303 2233 tot
348 2179 561 2248 flagicia
609 2182 655 2233 is
704 2181 883 2234 faciat.
976 2183 1108 2234 Cum
1158 2200 1213 2235 se
1266 2183 1492 2235 multum
1543 2202 1790 2253 peccasse
1844 2192 1941 2237 aut
1991 2187 2104 2254 ipse

222 2252 386 2304 sentit
423 2260 518 2304 aut
557 2253 739 2321 aliqua
773 2252 917 2306 fideli
950 2255 1300 2322 castigatione
1326 2257 1622 2324 perpendit,
1663 2273 1895 2310 canones
1927 2275 2099 2310 coram

223 2342 278 2376 se
300 2324 442 2392 poni,
475 2324 811 2392 qualiterque
835 2325 890 2376 id
916 2324 1108 2378 debeat
1130 2326 1419 2390 emendari,
1457 2333 1515 2380 ut
1538 2333 1845 2397 quaeratur,
1877 2329 2106 2398 precipit

223 2412 285 2448 ac
344 2396 633 2448 secundum
694 2396 828 2449 haec
886 2397 1087 2465 scripta
1144 2414 1270 2450 mox
1323 2398 1495 2450 scelus
1546 2405 1822 2468 peractum
1874 2418 2104 2468 purgare

222 2466 509 2522 contendit.
583 2466 758 2520 Maior
795 2473 975 2520 tamen
1013 2474 1096 2521 est
1133 2468 1181 2521 ei
1218 2470 1548 2522 consuetudo
1591 2470 1888 2538 periculose
1935 2471 2101 2525 delin-

223 2538 435 2607 quendi,
476 2556 637 2607 quam
675 2540 730 2591 in
770 2540 995 2592 salutari
1034 2540 1330 2608 penitentia
1365 2542 1727 2609 permanendi.

364 2610 447 2663 33.
490 2610 623 2679 (57.)
685 2610 860 2663 Huius
899 2629 1100 2679 conpar
1143 2617 1197 2664 et
1242 2614 1398 2681 quasi
1442 2614 1649 2680 collega
1689 2613 2025 2682 HardwiguS,
2071 2632 2103 2667 a

222 2681 590 2749 Longabardis
628 2682 764 2734 falso
802 2700 895 2734 rex
941 2683 1264 2752 appellatus»,
1311 2684 1594 2737 adventum
1641 2685 1821 2753 magni
1865 2686 2003 2753 regis
2050 2696 2103 2738 et

221 2752 521 2820 potentiam
570 2755 866 2806 excercitus
916 2755 1108 2818 doluit3
1163 2761 1216 2808 et
1265 2757 1392 2823 quia
1441 2757 1554 2810 suis
1602 2756 1805 2809 viribus
1858 2756 1983 2809 huic
2034 2757 2102 2810 ad

225 2824 517 2876 nocendum
555 2824 768 2890 diffidit,
809 2826 864 2878 in
902 2826 1108 2879 castelli
1145 2827 1495 2880 munitionem
1526 2845 1582 2880 se
1612 2829 1857 2895 protinus
1887 2829 2102 2897 recepit,

221 2894 322 2948 hoc
359 2896 528 2949 solum
568 2898 944 2964 ingemiscens,
993 2897 1136 2966 quod
1173 2916 1268 2951 rex
1306 2899 1374 2950 ad
1419 2901 1676 2952 maiorem
1723 2904 1850 2952 tunc
1887 2905 2102 2952 vocatus

225 3023 261 3065 a)
283 3024 560 3056 larhirsemensi
575 3026 618 3065 B,
642 3034 730 3058 corr.
751 3024 790 3058 T.
888 3025 926 3067 b)
947 3036 1068 3059 nomen
1082 3027 1189 3059 huius
1212 3027 1279 3058 loci
1301 3027 1443 3058 librarii
1458 3029 1671 3069 neqleyentia
1687 3029 1847 3059 omissum
1871 3037 1941 3060 esse
1956 3027 2105 3067 videtur,

225 3077 300 3099 cum
321 3067 413 3099 nihil
435 3069 544 3108 spatii
565 3069 596 3099 ei
618 3070 662 3100 sit
683 3069 839 3101 relictum
861 3069 899 3100 in
922 3071 954 3102 1.
1045 3069 1078 3111 c)
1100 3080 1123 3101 n
1147 3070 1233 3102 add.
1253 3071 1293 3102 T.

226 3168 364 3212 Ponti
390 3169 575 3212 Euoeini
595 3176 731 3225 parte
759 3171 1022 3224 incolebant,
1048 3176 1237 3226 propter
1267 3172 1499 3227 antiquam
1530 3170 1819 3224 discordiam,
1850 3184 1964 3226 quae
1993 3172 2108 3215 inter

223 3225 324 3269 illos
354 3230 396 3269 et
424 3225 603 3270 Russos
626 3240 778 3271 eorum
793 3227 1014 3282 finitimos
1037 3229 1236 3283 extabat,
1261 3241 1362 3272 cum
1385 3229 1624 3271 Boleslavo
1659 3228 1886 3272 coniuncti
1893 3229 2104 3280 fuerunt.

225 3282 267 3334 1)
313 3283 404 3334 Qui
443 3297 485 3326 α.
530 3285 641 3328 1011
685 3284 983 3329 Erkanbaldo
1026 3290 1134 3329 time
1176 3285 1511 3339 archiepiscopo
1552 3290 1830 3329 successerat
1869 3289 1911 3327 et
1943 3290 2105 3339 postea

223 3340 462 3395 episcopus
486 3341 892 3386 Halberstadensis
910 3344 1077 3395 factus
1108 3348 1173 3386 est
1204 3341 1540 3393 (1023—1036);
1575 3356 1614 3384 v.
1640 3341 1779 3385 Gesta
1802 3343 1939 3396 episc.
1964 3342 2104 3386 Halb.

223 3396 326 3446 (SS.
361 3397 579 3451 XXIII).
718 3399 761 3451 2)
807 3399 896 3451 Qui
933 3399 1112 3455 utrique
1153 3400 1424 3443 monasterio
1465 3412 1607 3454 usque
1649 3399 1710 3442 ad
1749 3405 1931 3444 mortem
1970 3399 2105 3449 (1018

228 3456 340 3508 Apr.
363 3456 410 3505 7)
439 3454 672 3510 praefuit5
703 3470 742 3507 v,
776 3454 972 3500 ‘Jahrb.²
1007 3458 1079 3509 II,
1110 3457 1195 3500 410
1217 3469 1279 3511 sq.
1396 3455 1439 3507 3)
1472 3456 1727 3511 Limeburq.
1843 3458 1887 3505 4)
1922 3455 2105 3502 Chartis

225 3511 414 3556 testibus
443 3512 991 3567 (Stumpf1586—1588)
1019 3527 1098 3556 rem
1130 3513 1248 3568 Sept.
1272 3513 1341 3556 22.
1371 3514 1629 3568 Βαῐῃετεᾱύ,
1668 3514 1763 3557 Oct.
1787 3516 1827 3557 2.
1861 3515 2104 3569 Bambery‚

229 3568 320 3612 Oct.
355 3570 396 3612 7.
434 3569 713 3614 Ratisbonae
750 3570 871 3624 fuit:
923 3572 1078 3614 natale
1118 3571 1309 3614 Domini
1354 3571 1532 3625 Papiae
1583 3571 1831 3614 celebravit.
1906 3569 2103 3616 ‘Jahrbl

232 3626 300 3676 II,
331 3627 417 3670 414
439 3641 502 3682 sq.
