2456 4036
382 298 466 342 244
795 293 1134 339 THIETMARI
1164 290 1382 337 CHRON.
1442 292 1555 336 LIss.
1587 292 1651 335 IX
1682 292 1845 347 (VIII).

227 438 351 484 1018.
383 441 509 476 nece
540 421 844 490 Wigmanni
877 420 1087 472 comitis
1124 419 1200 470 nil
1239 435 1294 470 se
1334 424 1674 471 excusantem
1715 418 1950 486 legitime
1988 436 2106 472 cum
2146 420 2256 473 suis

381 493 835 561 conspiratoribus
873 490 1214 542 recalcitrare
1254 490 1563 558 comperit*.
2364 536 2366 538 .
2453 542 2456 558 Ι

523 567 570 619 8.
611 563 708 634 (6.)
770 562 1110 625 *Interim*’¹‘,
1169 559 1295 612 dum
1344 560 1490 612 fama
1535 561 1686 613 velox
1734 561 1971 629 aliquid²
2019 562 2140 614 novi
2191 561 2374 615 ad*s

382 635 718 689 scribendum
758 632 966 686 deferat
1001 631 1147 696 mihi,
1187 632 1458 684 hominum
1492 632 1655 684 vitam
1686 633 1912 699 piorum,
1953 650 2114 700 quam
2144 649 2257 699 eg0,
2344 627 2366 635 ”
2452 626 2456 646 ¹

381 706 663 775 culpabilis
704 709 756 757 et
804 703 1093 756 obliviosus
1138 703 1299 755 nimis
1344 703 1589 771 superius
1635 702 1913 756 dicendam
1958 704 2259 772 preterivib,

381 779 668 846 explanare
707 792 848 827 nunc
887 774 1065 828 ardeo,
1143 774 1207 826 In
1245 773 1574 842 temporibus
1620 774 1875 828 secundi0
1918 775 2058 843 regis
2096 774 2260 828 Hein-

380 850 478 901 rici
524 847 628 900 fuit
680 846 946 913 quaedam
1003 845 1249 898 solitaria
1295 845 1417 898 Sisu
1467 846 1690 898 vocata¹
1734 847 1790 898 in
1832 848 1954 898 loco
2003 845 2261 899 Thrubizi

382 918 562 972 dicto2
606 919 879 970 inmensae
924 917 1145 985 pietatis
1185 934 1247 969 ac
1284 935 1380 985 per
1415 916 1519 970 hoc
1556 918 1686 969 mihi
1723 916 2026 970 ineffabilis,
2113 918 2260 982 Quae

382 994 488 1043 iam
534 990 722 1043 adulta
767 1006 888 1041 oum
933 1006 965 1041 a
1015 988 1248 1055 quodam
1292 988 1711 1055 desponsaretur
1757 993 1994 1056 tempore
2043 989 2262 1041 maximi

382 1061 610 1126 ottonis,
642 1060 713 1114 ad
737 1060 1026 1125 Christum,
1059 1077 1216 1129 quem
1247 1060 1491 1129 inprimis
1521 1059 1645 1113 fidei
1669 1060 1900 1127 speciale
1931 1060 2261 1129 signaculum

379 1136 435 1187 in
473 1132 633 1186 corde
669 1149 766 1201 pre
803 1131 1047 1185 omnibus
1086 1131 1277 1196 infixit,
1318 1132 1525 1184 concito
1557 1149 1718 1185 cursu
1748 1132 2075 1200 properavit3
2114 1149 2175 1185 ac
2206 1134 2262 1184 in

381 1205 653 1274 predictae
692 1209 896 1257 secreto
936 1203 1169 1256 civitatis
1209 1220 1376 1256 annos
1414 1204 1691 1271 sexaginta
1737 1203 2001 1272 quatuord
2045 1203 2263 1257 caelesti

381 1293 575 1344 sponso
615 1293 671 1329 se
709 1276 964 1344 virginem
1004 1280 1209 1327 castam
1247 1278 1473 1327 conatur
1518 1273 1724 1340 offerre,
1772 1291 1835 1327 ac
1879 1275 2263 1328 inmaculatam

382 1366 438 1402 se
473 1348 610 1418 pIUS,
649 1365 811 1416 quam
850 1346 1116 1414 fragilitas
1153 1347 1389 1399 humana
1425 1347 1683 1415 permisit,
1723 1346 1995 1400 custodire
2040 1346 2262 1401 studuit.

381 1421 444 1473 In
481 1424 632 1473 tanto
669 1435 899 1487 namque
938 1419 1118 1486 spacio
1157 1434 1448 1485 numquam
1492 1417 1610 1471 foco
1653 1417 1842 1471 durum
1889 1417 2057 1486 frigus
2101 1417 2264 1472 resol-

381 1491 536 1545 vebat
573 1491 770 1559 aliqu0,
812 1489 906 1542 sed
943 1489 1044 1542 1100
1082 1490 1375 1542 maximum
1413 1489 1585 1542 eidem
1623 1495 1740 1542 erat
1769 1494 2263 1558 temperamentum,

382 1563 523 1630 quod
560 1561 740 1632 lapide
777 1561 1057 1631 paululum
1095 1561 1266 1614 calido
1302 1561 1465 1630 pedes
1502 1561 1584 1614 vel
1621 1579 1811 1614 manus
1848 1578 1982 1630 pene
2014 1566 2142 1614 tunc
2174 1560 2263 1614 de-

381 1635 622 1688 ficientes
650 1633 972 1688 refocilaret.
1046 1632 1195 1686 Haec
1225 1632 1459 1686 assiduis
1489 1632 1831 1686 oracionibus
1861 1637 1914 1686 et
1942 1633 2264 1686 intermixtis

381 1706 595 1760 fletibus
627 1705 814 1758 cellam
848 1705 1040 1758 suimet
1070 1705 1296 1758 interius
1326 1704 1550 1769 ornavit,
1591 1706 1826 1758 exterius
1857 1709 2038 1757 autem
2066 1703 2263 1773 populo

383 1777 672 1831 confluenti
697 1777 886 1829 crebra
909 1777 1245 1829 institutione
1269 1781 1325 1829 et
1339 1776 1644 1829 necessaria
1659 1776 2021 1829 consolatione
2037 1775 2265 1829 multum

383 1850 695 1918 profuit***.
789 1848 1053 1917 Quicquid
1093 1848 1187 1901 illa
1225 1848 1290 1900 de
1329 1847 1598 1901 oblatione
1635 1848 1816 1917 populi
1855 1847 2111 1902 continua
2149 1865 2265 1901 sus—

384 1922 539 1991 cepit,
568 1920 673 1974 sibi
696 1919 1018 1973 subtrahens
1043 1920 1349 1989 Christique
1372 1919 1700 1989 pauperibus
1723 1920 1943 1988 largiter
1965 1919 2264 1987 inperciens
2379 1982 2381 1987 .

383 1998 607 2062 peccata
656 1991 1022 2045 offerentium
1066 1991 1310 2047 redemit.
1398 1992 1496 2044 Pia
1540 1991 1646 2044 fuit
1695 1989 1863 2063 [haec]
1909 1991 2071 2043 matri
2114 2007 2264 2044 meae
2289 2008 2386 2054 *s

385 2071 438 2118 et
475 2064 788 2118 memoriam
827 2064 910 2116 sui
947 2063 1174 2116 firmiter
1209 2063 1455 2132 promisit
1499 2063 1637 2131 proli
1683 2062 2125 2131 subsequuturae.
2199 2061 2264 2115 In
2380 2074 2381 2078 ’

384 2153 557 2204 agone
602 2136 762 2188 huius
816 2135 1105 2188 titubantis
1158 2135 1325 2188 seculi
1369 2134 1503 2188 haec
1551 2134 1879 2188 contendens
1931 2134 2000 2188 ab
2045 2133 2265 2187 inlicitis

386 2208 634 2261 omnibus
664 2207 943 2271 abstinuit,
975 2223 1082 2259 11011
1113 2223 1211 2275 pro
1242 2205 1552 2274 recipienda
1582 2206 1920 2274 corruptibili
1950 2206 2135 2274 gloria,
2170 2204 2261 2259 sed

181 2297 482 2349 Febr,1·1.pro
519 2278 770 2347 florigera
807 2278 1053 2332 caelestis
1090 2277 1265 2331 bravii
1304 2295 1518 2343 corona,
1558 2295 1715 2347 quam
1748 2277 1891 2330 XIII.
1916 2277 2035 2332 Kal.
2074 2276 2264 2330 Marcii

384 2352 678 2421 promeruit
714 2350 967 2403 divinitus
1005 2349 1152 2402 indui
1164 2348 1204 2403 3.

527 2426 573 2478 9.
631 2423 691 2475 In
720 2426 880 2474 nocte
908 2421 1019 2487 illa,
1051 2439 1158 2491 qua
1189 2421 1401 2474 Christo
1432 2420 1677 2473 amabilis
1709 2421 1917 2488 lampas
1948 2419 2263 2473 stelliferum

384 2495 563 2548 locata
601 2499 684 2548 est
721 2494 776 2546 in
813 2511 983 2558 axem,
1022 2492 1248 2546 dormivi
1282 2497 1531 2569 peccator
1567 2493 1623 2545 in
1652 2491 1965 2545 dormitorio
1995 2491 2051 2544 in
2083 2491 2264 2559 Maga-

387 2566 596 2635 daburg
635 2580 705 2630 et,
745 2566 902 2618 testis
939 2564 1071 2617 mihi
1108 2565 1178 2617 sit
1215 2565 1382 2629 Deus,
1422 2565 1552 2633 quia
1589 2581 1696 2616 non
1733 2564 1986 2628 mentior,
2024 2562 2135 2615 vidi
2169 2580 2266 2632 per

386 2639 651 2691 somnium
689 2642 814 2690 ante
845 2637 1184 2702 matutinam,
1223 2636 1365 2704 quod
1393 2635 1502 2689 duo
1535 2636 1691 2704 pueri
1722 2635 1786 2688 de
1818 2635 2084 2703 antiquos,
2123 2633 2265 2703 quod

480 2768 525 2822 ²1⁴)
556 2769 725 2813 Erasis
764 2769 815 2812 in
855 2780 998 2824 marq.
1036 2768 1121 2811 sin.
1159 2767 1306 2811 tribus
1341 2767 1545 2811 versibus
1582 2765 1636 2810 N
1667 2765 1717 2809 in
1755 2777 1897 2821 mary.
1935 2762 2021 2819 inf.
2061 2763 2263 2809 addidit.-

558 2824 835 2870 Wolcmarus
866 2824 1004 2869 abbas
1035 2823 1268 2868 Fuldensis
1299 2826 1344 2868 et
1373 2822 1674 2868 Larsemensis
1705 2821 1831 2867 obiit.

451 2897 525 2950 >ie²¹⁸)
557 2898 618 2942 In
647 2898 878 2952 superiore
907 2897 1110 2952 maryine
1138 2897 1319 2952 scripsit
1348 2897 1400 2941 N
1406 2913 1420 2940 .·
1480 2896 1535 2939 111
1565 2894 1719 2939 diebus
1750 2895 1843 2938 illis
1873 2894 1938 2939 sol
1970 2896 2074 2939 ante
2103 2893 2266 2938 suimet

560 2968 759 2999 occasum
802 2954 1024 2999 nonnullis
1063 2953 1272 2998 dimidius
1313 2953 1563 3009 prodigiose
1606 2953 1827 3009 apparuit.
1885 2954 1946 2996 In
1985 2952 2266 3008 maryinibus

557 3013 629 3057 hic
659 3013 834 3056 videtur
862 3012 982 3056 nihil
1007 3025 1162 3056 rasum
1192 3025 1299 3056 esse.

416 3084 522 3138 ***)
555 3085 725 3129 Erasis
755 3085 804 3128 in
835 3085 990 3128 dextro
1021 3097 1164 3140 mary.
1197 3088 1361 3139 septem
1391 3083 1595 3127 versibus
1625 3084 1679 3126 N
1703 3082 1754 3125 in
1783 3080 1869 3137 inf.
1901 3081 2031 3126 add„-
2084 3079 2264 3124 Vermes

559 3155 606 3185 se
647 3142 817 3199 iugiter
856 3140 1135 3185 comedentes
1176 3155 1263 3185 non
1308 3140 1492 3191 abiecit,
1538 3138 1615 3183 sed
1656 3138 1863 3183 cadentes
1909 3137 2126 3194 reposuit,
2170 3137 2265 3181 vice

558 3199 762 3244 monachi
792 3198 1021 3256 Symeonis
1053 3199 1101 3242 in
1130 3198 1333 3247 columna
1363 3197 1439 3241 diu
1469 3196 1647 3241 stantis.

387 3299 422 3373 ἓ)
444 3296 544 3374 amba
567 3301 598 3331 1.
647 3345 660 3388 )
704 3298 804 3374 bz'in
827 3301 898 3374 lloco
919 3308 1001 3332 raso
1026 3299 1077 3337 T‚·
1099 3300 1185 3330 tunc
1208 3297 1385 3329 intermisi
1411 3299 1466 3329 set
1490 3297 1527 3329 Ο.
1630 3295 1665 3337 0)
1694 3305 1830 3328 eratum
1852 3298 1884 3329 1.
1981 3295 2018 3335 d)
2039 3293 2267 3335 septuaginta
2356 3315 2365 3338 :¹

414 3351 478 3374 uos
530 3368 538 3376 .
625 3351 644 3374 e
683 3351 728 3373 an
747 3351 804 3382 iqo
851 3366 859 3374 .

391 3429 433 3481 1)
466 3429 576 3473 Alia
605 3429 812 3473 videlicet
846 3435 978 3485 atque
1010 3428 1219 3472 Emerita
1255 3427 1337 3471 illa
1373 3423 1631 3482 eoynomine
1673 3425 1802 3480 Sisu,
1839 3438 1975 3480 quam
2002 3436 2148 3480 paene
2170 3436 2266 3467 una

389 3486 503 3530 hora
552 3500 651 3530 cum
700 3487 807 3530 aliis
851 3485 1276 3531 sanctimonialibus
1313 3484 1460 3528 tribus
1501 3499 1544 3528 a.
1584 3484 1696 3527 1020
1736 3489 1958 3527 mortuam
2002 3494 2096 3526 esse
2145 3482 2266 3525 Ann.
2356 3483 2358 3486 ’

392 3543 546 3594 Quaen.
576 3543 776 3589 tradunt.
907 3543 951 3596 2)
996 3542 1236 3595 Drilbeck3
1275 3540 1332 3596 cf.
1364 3541 1650 3595 Schadeberq
1673 3545 1714 3584 et
1750 3541 1932 3593 Iacobs,
1962 3537 2193 3584 ‘Zeitschr.
2223 3537 2266 3582 d.
2345 3562 2357 3573 ν

393 3600 630 3643 Har-ever?
658 3601 720 3654 X,
744 3601 998 3645 388-393.
1117 3598 1162 3653 3)
1195 3600 1412 3644 Fortasse
1448 3611 1504 3643 ecc
1536 3598 1673 3642 Necr.
1704 3598 1870 3649 Mers.;
1911 3602 2100 3642 ceterum
2139 3596 2267 3651 lonye

392 3662 495 3701 ante
526 3672 567 3700 α.
601 3659 712 3703 1018
740 3659 824 3703 hoc
854 3658 1075 3703 accidisse
1107 3662 1454 3702 consentaneum
1486 3661 1562 3700 est.
