2456 4036
694 270 1030 315 THIETMARI
1060 271 1276 317 CHRON.
1337 275 1451 318 LIB.
1483 275 1543 319 ΙΙ.
2002 278 2057 320 37

179 397 476 466 perdidisse
513 397 748 460 timeret,
796 396 1203 451 lacrimabiliter
1239 401 1530 469 respondit.
1607 401 1771 464 Quem
1815 403 2058 470 protinus

180 471 444 522 elevatum
484 468 761 536 inperator
800 468 1074 521 osculatur
1112 471 1422 540 singulaque
1458 473 1720 539 sagaciter
1747 474 2060 540 perquirens

180 546 234 594 et
256 540 322 593 de
346 539 682 606 susceptione
708 538 874 602 duciS,
901 540 1270 610 quomodoque
1302 541 1385 614 [is]
1415 545 1469 595 in
1492 543 1665 596 medio
1690 545 2057 611 episcoporum

180 611 249 664 ad
282 627 519 664 mensam
550 610 665 662 1000
697 609 1033 678 imperatoris
1066 612 1276 665 sederet
1305 614 1546 682 lectoque
1581 614 1850 678 dormiret,
1882 615 2058 682 perdi-

179 682 323 737 dicit.
391 681 470 734 Ob
500 681 604 733 hoc
637 698 788 733 cesar
818 686 1076 748 augustus
1109 684 1347 736 mascula
1377 685 1484 737 bile
1517 703 1816 748 succensus,
1851 686 2058 738 Aethel-

177 753 330 806 berto
381 769 477 821 per
527 751 807 819 epistolam
862 752 1134 806 mandavit
1178 754 1471 822 epi*scopo‚
1533 762 1594 809 ut
1636 760 1719 808 tot
1756 756 1858 809 sibi
1896 774 2059 824 equos

178 824 431 888 mitteret,
466 828 597 891 quot
626 822 749 875 duci
780 840 1066 891 campanas
1100 842 1291 878 sonare
1315 827 1394 878 vel
1426 832 1555 895 quot
1586 843 1808 879 coronas
1840 827 2059 880 accendi

178 895 492 964 preciperet.
568 894 905 960 Inperatoria
944 895 1275 964 archipresul
1310 915 1569 965 peragens
1610 897 1801 963 edicta,
1841 898 2057 967 quibus-

63 1008 72 1017 .
133 983 155 1015 ¹.
181 984 405 1035 cumque
451 965 621 1018 valuit
664 965 837 1018 modis
883 983 938 1018 se
982 984 1078 1034 per
1122 967 1324 1035 legatos
1370 970 1562 1021 suimet
1607 986 1859 1021 excusare
1908 969 2058 1022 *con-

142 1056 145 1059 *
177 1037 365 1091 tendit.
441 1036 629 1090 Comes
666 1036 910 1104 prefatus
943 1040 1054 1089 tam
1088 1038 1390 1105 ingeniosus
1423 1044 1554 1104 erat,
1595 1044 1655 1091 111
1684 1057 1920 1092 cesarem
1953 1041 2059 1093 ira-

178 1114 294 1162 tum
342 1125 437 1175 pre
485 1109 711 1160 caeteris
759 1107 1089 1176 principibus
1137 1109 1352 1177 placare
1407 1111 1669 1177 potuisset
1719 1111 1930 1164 facilius
1988 1116 2056 1175 et,

179 1180 308 1248 quia
353 1179 467 1232 eius
513 1178 616 1232 fuit
662 1179 1109 1245 consanguineus,
1157 1181 1385 1247 gratiam
1428 1181 1742 1247 inperialem
1790 1200 1957 1250 usque
2003 1183 2058 1233 in

179 1252 379 1304 exitum
418 1247 648 1322 [suimet]
687 1251 826 1302 vitae
863 1249 1093 1302 fideliter
1131 1251 1375 1305 obtinuit.
1461 1252 1627 1315 Quem
1666 1258 1857 1320 torque
1896 1270 2058 1305 aureo

179 1321 434 1374 donatum
485 1339 635 1374 cesar
696 1321 899 1374 dimisit
949 1338 1189 1374 remeare
1249 1340 1478 1390 suosque
1526 1322 1818 1376 familiares
1865 1324 2060 1376 contri-

179 1394 335 1447 statis
373 1392 618 1446 hostibus
654 1391 961 1447 laetificare.

321 1466 405 1519 29.
452 1463 584 1535 (19.)
660 1464 871 1517 Interea
924 1463 1127 1528 Hodoa,
1175 1465 1492 1518 venerabilis
1545 1464 1783 1518 marchio
1800 1464 1842 1528 ¹,
1896 1464 2054 1517 Mise-
2087 1473 2221 1527 (972).

178 1553 365 1588 conem
403 1537 698 1604 inperatori
747 1535 955 1587 fidelem
1001 1535 1367 1604 tributumque
1405 1553 1575 1604 usque
1613 1537 1668 1588 in
1701 1537 1873 1588 Vurta
1910 1534 2058 1588 fluvi-

178 1607 306 1660 um2
342 1607 633 1660 solventem
671 1607 912 1659 exercitu
949 1607 1139 1674 petivit
1180 1608 1421 1663 collecto,
1507 1607 1588 1658 Ad
1620 1608 1770 1659 cuius
1802 1606 2057 1658 auxilium

177 1683 331 1747 pater
368 1695 519 1731 meus
558 1695 735 1730 comes
776 1677 1062 1745 Sigifridus
1079 1677 1118 1741 3,
1159 1682 1287 1730 tunc
1325 1679 1532 1732 iuvenis
1570 1678 1899 1744 necdumque
1938 1694 2060 1728 0011-

177 1750 344 1817 iugali
375 1750 609 1802 sociatus
641 1750 826 1814 amori,
869 1749 1011 1802 venit
1043 1749 1213 1801 solum
1256 1748 1450 1821 [cum]b
1483 1749 1594 1802 suis
1625 1754 1678 1800 et
1699 1749 1752 1800 in
1779 1748 1864 1799 die
1888 1748 2060 1799 sancti

179 1821 434 1874 Iohannis
487 1820 758 1889 baptistae
814 1820 1069 1872 adversus
1115 1837 1232 1872 eum
1286 1826 1586 1889 pugnantes
1630 1820 1906 1887 primoque
1950 1819 2059 1870 vin·
2083 1833 2232 1864 Iun-24.

179 1897 358 1945 centes
396 1910 429 1944 a
459 1891 628 1945 fratre
672 1891 909 1944 eiusdem
942 1890 1227 1955 CideburO,
1267 1892 1500 1959 exceptis
1535 1895 1744 1943 tantum
1777 1888 2060 1941 comitibus

178 1964 420 2031 prefatis,
459 1980 644 2015 omnes
684 1963 873 2032 optimi
909 1962 1107 2014 milites
1146 1962 1416 2015 interfecti
1454 1961 1800 2030 oppecierunt
1837 1961 1892 2011 in
1926 1960 2058 2024 loco,

178 2035 271 2103 qui
307 2039 528 2087 vocatur
566 2032 794 2088 Cidini4.
870 2033 985 2086 Hac
1024 2032 1088 2085 de
1126 2033 1270 2085 fama
1308 2032 1599 2085 miserabili
1638 2033 1912 2100 inperator
1947 2036 2059 2083 tur-

176 2105 336 2158 batus
391 2105 456 2158 de
509 2105 670 2157 Italia
721 2105 942 2157 nuncios
995 2104 1142 2156 misit
1196 2104 1550 2173 precipientes
1602 2103 1842 2156 Ηο110111ο
1900 2106 2061 2169 atque

177 2176 455 2241 Miseconi‚
502 2177 548 2228 si
594 2176 821 2243 gratiam
869 2176 1063 2227 suimet
1106 2174 1304 2228 habere
1349 2176 1663 2239 voluissent,
1717 2190 1886 2242 usque
1933 2173 2060 2225 dum

177 2248 292 2316 ipse
329 2249 544 2300 veniens
584 2264 801 2299 causam
842 2246 1146 2311 discuteret,
1186 2247 1241 2298 in
1277 2264 1410 2315 pace
1447 2245 1874 2314 permanerent5.

320 2320 405 2374 30.
444 2318 577 2389 (20.)
637 2319 767 2371 Post
797 2317 928 2370 haec
961 2317 1191 2371 subditis
1224 2318 1326 2370 sibi
1357 2320 1563 2370 cunctis
1596 2317 1828 2369 hostium
1860 2315 2057 2378 cuneis.
2075 2327 2312 2368 wid.111,75.

177 2389 404 2443 arduam
423 2390 638 2459 Alpium
660 2389 992 2443 transcendit
1010 2390 1166 2453 viam,
1193 2389 1490 2441 Bawariam
1513 2389 1745 2441 invisens
1769 2387 2056 2453 regionem,
2090 2386 2222 2439 (972).
2314 2395 2318 2399 ’

143 2461 358 2530 .ibique
405 2461 610 2514 cunctis
657 2461 928 2528 sapienter
965 2460 1292 2527 *dispositiS‚
1339 2466 1485 2513 recto
1532 2460 1723 2512 itinere
1769 2458 1838 2511 ad
1877 2457 2059 2524 Maga·
2083 2458 2214 2496 Tagin.
2239 2457 2314 2488 “hr-

177 2533 615 2601 daburgiensemd
644 2549 867 2601 pergens
907 2532 1174 2584 civitatem
1209 2532 1417 2599 palmas
1459 2530 1655 2584 ibidem
1687 2530 1874 2583 festivo
1906 2529 2060 2580 duxit
2091 2529 2222 2582 (973)-

176 2605 392 2657 honore.
483 2603 727 2671 Namque
778 2603 986 2656 solebat
1036 2603 1092 2655 in
1139 2602 1622 2671 sollempnitatibus
1675 2600 1937 2654 universis
1991 2599 2059 2651 ad
2083 2600 2260 2631 Mart-¹⁶·

176 2693 454 2744 vesperam
485 2680 540 2728 et
572 2675 639 2727 ad
671 2676 994 2727 matutinam
1026 2679 1187 2742 atque
1220 2674 1288 2726 ad
1319 2676 1538 2726 missam
1572 2691 1691 2725 cum
1721 2671 2061 2741 processione

176 2747 545 2815 episcoporum
598 2746 888 2799 venerabili
944 2745 1241 2813 deindeque
1294 2750 1627 2797 caeterorum
1675 2743 1861 2796 ordine
1907 2742 2059 2793 cleri-

176 2835 361 2871 corum
414 2835 533 2870 cum
580 2818 828 2870 crucibus
885 2823 1298 2884 sanctorumque
1348 2816 1591 2884 reliquiis
1644 2833 1707 2868 ac
1751 2813 2061 2867 turribulise

177 2889 247 2942 ad
285 2889 564 2942 ecclesiam
603 2907 771 2957 usque
810 2888 1017 2944 deduci.
1092 2888 1299 2954 Hicque
1339 2905 1458 2940 cum
1494 2904 1686 2955 magno
1718 2886 1818 2938 Dei
1849 2885 2057 2947 timore,

176 2960 268 3028 qui
313 2965 395 3014 est
438 2961 762 3030 principium
806 2961 1118 3031 sapientiae,
1172 2963 1340 3012 staret
1385 2964 1547 3027 atque
1603 2957 1836 3021 sederet,
1893 2972 2059 3023 usque
2083 2968 2300 3009 Prov·1‚⁷·

174 3032 303 3084 dum
339 3031 493 3084 finita
532 3036 658 3084 sunt
695 3032 965 3096 universa,
1012 3031 1088 3083 nil
1125 3030 1350 3099 loquens
1395 3031 1497 3083 nisi
1548 3030 1806 3093 divinum,
1855 3026 1947 3079 sed
1991 3025 2061 3078 ad

175 3146 212 3186 a)
235 3133 302 3178 3110
325 3155 414 3178 corr.
442 3148 478 3179 V.
599 3145 639 3187 b)
663 3155 745 3178 cum
771 3146 888 3178 solum
914 3147 993 3177 suis
1009 3146 1050 3186 A,
1076 3155 1165 3178 corr.
1186 3146 1226 3177 T.
1338 3144 1370 3186 0)
1391 3132 1498 3176 Edoni
1523 3153 1612 3175 corr.
1639 3144 1674 3175 V.
1787 3141 1824 3181 d)
1848 3141 1891 3172 da
1915 3140 2000 3171 add.
2020 3140 2059 3171 T.

175 3189 208 3229 e)
229 3191 382 3228 primum
404 3199 421 3221 1·
443 3198 580 3221 erasum
603 3191 635 3221 1.

177 3274 218 3326 1>
252 3276 386 3318 Hodo
418 3274 589 3319 Gerom'
615 3275 833 3319 successit
859 3275 908 3318 in
943 3275 1158 3318 comitatu
1182 3274 1300 3329 payi
1330 3272 1703 3325 Nordthurinqen
1739 3269 1988 3313 meridiano
2020 3273 2062 3311 et

173 3333 221 3376 in
252 3333 396 3376 altera
426 3331 735 3375 marchiarum
765 3331 1052 3375 orientalium
1073 3332 1289 3386 (quarum
1322 3331 1508 3374 alteram
1540 3328 1822 3371 Thietmarus
1853 3326 2061 3375 obtinuit,

181 3402 217 3432 v.
249 3403 284 3432 3.
315 3390 387 3443 ΙΙ,
418 3388 517 3440 24);
569 3387 626 3443 cf.
660 3388 960 3442 Giesebrecht,
992 3388 1111 3432 ‘Otto
1143 3388 1230 3431 IL'
1260 3401 1304 3441 p.
1332 3387 1579 3435 148—149‚
1626 3384 1862 3427 Dummler
1887 3396 1934 3437 p.
1960 3382 2059 3426 387.

175 3447 393 3490 Mortuus
423 3451 488 3489 est
516 3447 625 3496 9933
659 3444 715 3499 ef.
747 3446 834 3495 IV,
865 3446 934 3488 60.
1050 3446 1095 3497 2)
1140 3445 1337 3490 Warthe.
1454 3442 1498 3494 3)
1540 3440 1870 3485 Walbeccensis
1902 3451 2061 3490 comes,

175 3503 297 3556 filius
336 3502 571 3546 Liutharii
599 3503 669 3552 ΙΙ,
700 3502 755 3544 21
798 3503 1140 3546 commemorati.
1270 3500 1314 3552 4)
1362 3500 1546 3543 Zehden
1577 3498 1792 3552 oppidum
1823 3497 1870 3539 in
1901 3496 2062 3541 deoecra

174 3560 282 3614 ripa
313 3560 491 3604 Oderae
531 3559 647 3602 inter
678 3559 968 3613 Koniysbery
1006 3564 1046 3603 et
1077 3557 1402 3602 Freienwazde
1432 3557 1578 3600 situm.
1707 3554 1751 3606 5)
1805 3553 1931 3597 Unde
1957 3565 2062 3611 per-

175 3617 368 3672 spicitur
398 3617 509 3661 haec
531 3615 666 3671 facta
696 3629 789 3660 esse
820 3629 863 3659 a.
894 3615 1002 3669 9723
1050 3615 1107 3668 cf.
1139 3615 1376 3658 Dummler
1404 3626 1449 3668 p.
1474 3613 1572 3656 502.
