2456 4036
87 310 198 348 verg.
228 310 320 342 Aen.

83 354 128 395 x,
152 353 227 388 858.
244 355 319 386 859.

164 395 263 437 Sept.
289 398 319 429 7.

342 184 370 227 8
870 178 1206 223 THIETMARI
1237 176 1453 221 CHRON.
1512 177 1625 220 LIB.
1657 177 1692 221 Ι.

346 314 398 362 et
435 326 624 376 genere
663 306 970 370 clarissimi,
1022 305 1182 357 decus
1222 308 1274 356 et
1312 304 1547 357 solamen
1585 305 1816 373 patriae,
1866 303 2049 357 Nonas
2089 305 2210 375 Sep-

345 380 565 433 tembris
605 396 724 432 cum
762 377 944 430 multis
982 376 1103 428 aliis
1141 375 1418 442 oppeciere
1435 375 1468 428 ¹.

485 466 565 519 11.
605 462 702 532 (7.)
764 461 836 514 Ut
865 461 1043 513 nullus
1068 458 1281 512 Christo
1312 459 1547 514 fidelium
1581 461 1645 514 de
1677 461 1860 514 futura
1883 466 2215 514 mortuorum

339 535 737 589 resurreccione
786 531 1018 595 diffidat,
1070 530 1164 583 sed
1210 530 1280 584 ad
1325 531 1514 585 beatae
1552 533 1974 585 immortalitatis
2021 532 2219 601 gaudia

341 606 656 660 anhelanter
690 622 786 672 per
815 607 1003 655 sancta
1032 601 1404 671 proficiscatur
1434 603 1716 672 desideria,
1758 604 2038 673 quaedam,
2077 621 2215 673 quae

339 680 395 731 in
452 676 583 730 urbe
633 674 941 728 Wallislevo
1002 678 1126 742 post
1185 673 1451 726 excidium
1511 673 1822 747 eius[dem]⁸
1879 675 2216 729 *reedificata

339 748 600 803 accidisse
645 745 906 798 veraciter
950 745 1199 813 comperi,
1241 745 1514 798 intimabO.
1600 746 1661 798 In
1698 747 1812 815 ipso
1854 747 2074 800 orientis
2112 747 2220 800 diei

340 818 650 888 crepusculo
690 817 877 869 solitus
910 821 1026 869 erat
1054 816 1316 886 presbiter
1347 816 1583 871 eiusdem
1616 817 1871 871 ecclesiae
1903 819 2219 872 matutinam

340 908 547 945 canere.
625 887 730 941 Sed
769 905 890 940 cum
928 887 999 940 ad
1036 887 1235 941 atrium
1273 887 1648 942 defunctorum
1688 890 1904 955 veniret,
1943 889 2127 942 videns
2164 891 2220 943 in

340 981 401 1016 eo
457 978 706 1029 magnam
758 959 1155 1013 multitudinem
1215 958 1516 1013 oblationes
1574 959 1880 1014 offerentem
1951 960 2222 1015 sacerdoti

338 1051 520 1088 coram
558 1031 745 1101 templi
780 1030 985 1085 foribus
1026 1031 1206 1097 stanti,
1244 1033 1419 1101 primo
1452 1031 1707 1098 substitit,
1745 1039 2038 1101 posteaque
2069 1033 2220 1102 signo

340 1112 555 1159 sanctae
594 1104 767 1157 crucis
806 1120 863 1157 se
900 1104 1167 1170 munienS,
1213 1122 1308 1173 per
1347 1122 1530 1158 omnes
1567 1103 1691 1174 hos,
1736 1122 1833 1158 nec
1877 1122 1983 1158 uno
2030 1103 2221 1158 saltem

339 1177 537 1246 agnit0,
575 1175 873 1230 oratorium
910 1175 1152 1245 trepidus
1192 1175 1339 1230 adiit.
1426 1176 1594 1241 Quem
1633 1194 1739 1229 una
1776 1176 1982 1230 noviter
2019 1176 2084 1230 de
2121 1176 2222 1230 hoc

340 1248 518 1303 seculo
559 1265 773 1316 egressa
811 1252 865 1300 et
902 1247 1006 1301 sibi
1042 1247 1176 1301 bene
1213 1252 1357 1313 nota,
1398 1247 1528 1315 quid
1565 1248 1652 1301 hic
1689 1248 1860 1314 vellet,
1900 1249 2219 1318 interrogat3

339 1322 636 1389 edoctaque
652 1319 720 1373 ab
737 1336 816 1384 e0,
835 1337 1002 1390 quare
1019 1320 1235 1385 venerit,
1253 1320 1385 1391 liaeo
1408 1319 1588 1373 omnia
1611 1319 1679 1373 ab
1703 1320 1784 1374 his
1809 1338 1925 1374 esse
1942 1321 2219 1390 completa,

338 1410 668 1462 parvumque
699 1391 952 1460 temporis
985 1391 1212 1445 eundem
1241 1392 1506 1444 victurum
1536 1391 1784 1461 predixit.
1849 1392 2004 1456 Quod
2032 1393 2220 1446 vicinis

340 1468 491 1534 *post
527 1463 728 1528 retulit,
766 1481 996 1532 veraque
1037 1461 1206 1535 [haec]
1245 1481 1362 1516 esse
1400 1463 1816 1533 comprobavit2.

489 1553 568 1604 12.
625 1549 757 1602 Meis
786 1549 1121 1618 temporibus
1151 1549 1205 1602 in
1232 1549 1597 1618 Magadaburg
1627 1581 1696 1588 —-
1726 1551 1866 1603 sicut
1888 1569 1920 1603 a
1943 1550 2222 1604 veracibus

340 1624 522 1692 accepi
551 1621 796 1686 testibus,
828 1621 884 1673 in
914 1622 1033 1689 ipsa
1063 1627 1191 1674 tunc
1223 1622 1472 1674 continue
1496 1622 1754 1675 manens3
1783 1653 1854 1661 —
1888 1623 1896 1632 ⁰
1926 1677 1937 1680 ,,
1962 1623 2222 1676 aecclesia

337 1700 696 1769 inmaturum
725 1692 975 1747 custodes
1000 1693 1186 1746 eadem
1218 1698 1372 1747 nocte
1401 1694 1700 1758 vigilantes,
1733 1693 1817 1747 his
1847 1711 1984 1763 quae
2013 1713 2108 1763 pre
2147 1713 2223 1747 1xl

341 1766 712 1820 convenientia
756 1765 872 1818 visu
925 1770 979 1818 et
1028 1765 1214 1819 auditu
1267 1766 1644 1834 percipienteS‚
1705 1765 1932 1835 optimos
1992 1766 2222 1820 civitatis

341 1839 632 1893 adducunt.
722 1837 825 1902 Qui
876 1855 995 1889 cum
1049 1837 1206 1906 longe
1251 1837 1318 1890 ab
1364 1838 1502 1890 atrio
1554 1837 1874 1891 cadaverum
1925 1838 2222 1900 adstarent,

340 1912 586 1965 lucernas
604 1908 941 1963 candelabris
960 1909 1327 1979 superpositas
1345 1909 1540 1976 videre,
1566 1910 1804 1979 duosque
1820 1908 2224 1963 invitatorium4

341 2001 531 2037 canere
556 1982 956 2050 matutinasque
981 1981 1167 2034 laudes
1191 1981 1479 2034 ordinatim
1507 1999 1689 2035 omnes
1706 1982 2005 2051 persolvere
2021 1983 2225 2052 pariter

341 2056 583 2118 audiere3
617 2053 932 2107 accedentes
963 2058 1144 2107 autem
1175 2053 1310 2106 nihil
1340 2054 1553 2107 omnino
1585 2054 1909 2109 intellexere.
1982 2054 2099 2107 Hoc
2129 2071 2224 2122 ego

342 2146 460 2181 cum
500 2126 844 2194 subsequenti
883 2124 968 2178 die
1013 2126 1162 2195 nepti
1207 2142 1379 2190 meae,
1427 2143 1565 2194 quae
1603 2125 1822 2194 Brigida
1858 2125 2168 2179 *dicebatur
2182 2125 2221 2191 5,

343 2217 472 2253 cura
530 2217 719 2268 regens
770 2197 1030 2267 pastorali
1081 2198 1466 2250 monasterium
1523 2198 1695 2251 sancti
1746 2197 2082 2262 Laurentiiss,
2142 2215 2224 2251 re-

341 2272 572 2325 ferremb
624 2271 680 2323 in
718 2269 1030 2323 infirmitate
1081 2269 1163 2322 sui
1208 2270 1452 2339 corporis
1497 2269 1818 2334 laboranti0‚
1863 2270 2108 2338 protinus
2154 2269 2223 2322 ab

342 2362 421 2408 ea,
453 2360 790 2412 nequaquam
823 2342 921 2395 hoc
944 2342 1179 2406 miranti,
1210 2341 1318 2394 tale
1342 2342 1557 2409 percepi
1579 2358 1917 2409 responsum:
1951 2342 2223 2411 ‘Tempore

341 2415 577 2469 Baldrici
629 2414 881 2482 presuliS,
943 2414 1036 2482 qui
1089 2415 1360 2482 octoginta
1419 2413 1624 2467 annos⁷
1677 2413 1759 2466 vel
1816 2413 1937 2482 plus
1990 2414 2225 2466 Traiecti

342 2488 616 2541 sanctamd
663 2485 884 2556 regebat
935 2485 1137 2551 sedem,
1190 2486 1245 2538 in
1297 2486 1436 2550 1000,
1500 2486 1621 2555 qui0
1675 2486 1965 2538 Deventeriv
2011 2485 2222 2549 dicitur,

343 2559 623 2613 ecclesiam
675 2558 823 2611 senio
877 2556 1111 2611 dirutam
1163 2575 1426 2611 renovans
1481 2556 1753 2610 benedixit
1805 2575 1867 2610 ac
1927 2557 2223 2625 presbitero

343 2633 538 2685 suimet
577 2630 982 2683 commendavit.
1061 2630 1163 2693 Qui
1201 2630 1256 2682 in
1295 2648 1403 2682 una
1441 2629 1647 2683 dierum
1686 2628 1838 2682 valde
1878 2629 2115 2682 diluculo
2154 2629 2222 2683 ad

344 2722 462 2757 eam
513 2720 761 2772 pergens,
825 2701 960 2754 vidit
1004 2707 1243 2754 mortuos
1289 2702 1344 2754 in
1391 2702 1614 2755 ecclesia
1659 2707 1713 2754 et
1756 2702 1896 2754 atrio
1944 2700 2224 2754 offerentes

343 2782 506 2844 atque
546 2772 789 2847 [audivit]
829 2778 1123 2828 cantantes,
1199 2773 1351 2836 Quod
1391 2792 1513 2826 mox
1549 2774 1796 2842 episcopo
1826 2779 1887 2826 ut
1914 2775 2145 2842 primum
2176 2774 2224 2827 is

342 2847 543 2913 retulit,
582 2846 762 2899 iussus
801 2845 867 2898 ab
905 2862 966 2899 eo
1004 2846 1060 2897 in
1098 2845 1324 2898 ecclesia
1362 2845 1612 2911 dormire,
1653 2863 1773 2898 cum
1811 2845 1963 2910 lecto,
2003 2862 2106 2914 quo
2142 2864 2223 2898 re-

343 2961 381 3003 a)
415 2963 497 2995 dem
528 2972 549 2994 a
584 2963 615 2994 Τ
642 2960 802 2993 additum
826 2963 948 3001 postea
978 2970 1113 2992 erasum
1143 2962 1202 2992 eet.
1323 2959 1361 3002 b)
1395 2962 1542 2993 alterum
1573 2970 1591 2992 r
1621 2961 1705 2992 add.
1733 2962 1773 2994 T.
1898 2958 1932 2999 c)
1972 2960 2157 2993 laborante
2179 2960 2222 2992 A.

343 3007 381 3047 d)
404 3005 613 3038 traiectis-105.
634 3004 675 3046 A,
700 3005 958 3036 traiectensem
982 3013 1070 3038 corr.
1096 3004 1131 3036 V.
1219 3003 1254 3044 e)
1278 3012 1347 3044 que
1369 3005 1412 3036 A.

345 3096 387 3147 1)
435 3093 614 3137 Necrol.
657 3091 874 3136 Merseb.:
936 3090 1086 3134 Nonas
1130 3090 1374 3145 Septembr.
1418 3090 1687 3134 Liuthardus
1735 3104 1876 3134 comes
1902 3087 2020 3133 'cum
2066 3090 2221 3134 multis

344 3151 531 3195 Lunzini
573 3149 698 3194 obiit.
783 3149 985 3193 Annales
1028 3148 1313 3193 Gorbeienses
1355 3155 1504 3192 autem
1545 3149 1711 3193 rectius
1747 3162 1953 3203 puynam
1994 3150 2067 3192 ΙΙ.
2100 3150 2222 3193 Non.

344 3209 586 3264 Septembr.
613 3222 656 3252 a.
672 3208 756 3252 929
775 3206 953 3260 factam
976 3219 1070 3250 esse
1093 3206 1282 3250 tradunt
1296 3222 1308 3258 ,·
1355 3206 1502 3252 Waz'tz
1522 3221 1567 3262 p.
1587 3207 1682 3251 128.
1785 3206 1828 3259 2)
1862 3205 1933 3250 Sc.
1959 3211 2097 3250 morte
2121 3220 2223 3250 sua.

345 3266 388 3319 3)
432 3267 648 3310 Versatus
680 3270 744 3309 est
773 3264 839 3309 ibi
862 3263 1149 3308 Thietmarus
1179 3264 1314 3307 annis
1345 3264 1626 3318 988-10023
1661 3262 1717 3318 cf.
1743 3264 1832 3317 IV,
1866 3263 1933 3306 16.
1965 3269 2007 3308 et
2038 3263 2118 3317 VI,
2152 3264 2222 3309 44.

346 3324 389 3374 4)
422 3326 461 3367 I.
493 3337 528 3366 e.
554 3324 782 3378 psalmum
813 3321 883 3367 99.
942 3322 999 3365 L.
1115 3321 1158 3371 5)
1190 3320 1431 3365 Liutharii
1458 3322 1734 3366 marchionis
1762 3321 2052 3374 (985-1003)
2075 3321 2223 3376 filiam

347 3393 445 3423 eam
467 3380 619 3434 fuisse
649 3382 689 3423 I.
716 3381 772 3424 L.
796 3380 851 3423 L.
877 3378 1123 3432 Gebhardi,
1148 3379 1442 3423 Marchz'ones
1473 3379 1671 3435 aquilon.
1699 3393 1747 3434 p.
1771 3380 1825 3423 29
1855 3379 2117 3433 suspicatus
2147 3383 2223 3422 est.

349 3436 394 3488 6)
434 3438 623 3481 Videtur
652 3437 972 3481 monasterium
1003 3436 1269 3480 monialium
1299 3437 1350 3479 in
1380 3449 1497 3480 nova
1526 3438 1638 3480 urbe
1668 3436 1972 3492 Maqdebum,
2004 3436 2114 3480 bello
2143 3435 2219 3480 tri-

352 3496 526 3538 cennali
553 3495 730 3548 penitus
762 3495 1057 3547 destructum,
1094 3493 1355 3548 intelliyere.
1416 3494 1606 3537 KIND.
1745 3493 1788 3546 7)
1831 3494 2101 3538 Baldericus
2132 3494 2220 3548 epi-

349 3553 558 3605 scopatui
582 3552 856 3595 Traiectensz·
870 3550 1082 3608 praefuit
1102 3551 1351 3602 918-9763
1383 3551 1440 3606 cf.
1460 3552 1644 3604 Hirsch,
1666 3551 1904 3595 ‘Heinrich
1922 3552 2024 3605 IL',
2059 3551 2101 3604 I,
2123 3551 2221 3594 343.

2245 687 2262 708 *
2274 694 2344 735 soz.
2357 692 2407 726 5‘.
2453 669 2456 682 ²

2243 1480 2260 1500 *
2280 1491 2319 1521 p.
2338 1482 2412 1514 ⁷38.

2246 2142 2264 2162 *
2277 2146 2348 2186 sol.
2364 2146 2398 2178 6.
