2456 4036
402 267 487 312 240
823 265 1163 310 THIETMARI
1193 262 1409 309 CHRON.
1470 263 1584 307 LIB.
1607 263 1673 306 IX
1705 263 1867 317 (VIII).

245 402 371 447 1018.
546 394 593 448 2.
625 392 723 463 (2.)
777 392 867 443 *In
898 392 1057 443 huius
1087 390 1269 459 sponsi
1299 406 1460 458 regno
1492 399 1616 442 sunt
1646 390 1844 442 multae
1869 391 2280 446 consuetudines
2304 410 2321 428 *

401 464 606 528 variae,
655 471 707 516 et
751 462 992 530 quamvis
1039 461 1213 523 dirae,
1260 466 1441 513 tamen
1487 465 1613 513 sunt
1657 461 1928 514 interdum
1964 462 2279 517 laudabiles,

405 535 634 603 Populus
681 535 821 586 enim
869 551 995 585 suus
1040 549 1186 585 more
1229 531 1378 584 bovis
1424 538 1506 585 est
1546 533 1845 600 pascendus
1893 537 1946 585 et
1989 534 2131 586 tardi
2175 535 2284 588 ritu

402 607 539 658 asini
578 604 923 672 castigandus
973 610 1027 656 et
1073 604 1186 656 sine
1222 620 1393 673 poena
1431 605 1579 671 gravi
1616 622 1721 656 non
1757 609 1932 673 potest
1961 621 2079 657 cum
2111 605 2283 659 salute

402 677 659 745 principis
696 675 936 729 tractari.
1013 674 1070 728 Si
1108 675 1228 743 quis
1265 675 1320 726 in
1358 675 1461 727 hoc
1499 674 1689 727 alienis
1728 676 1877 728 abuti
1915 675 2169 730 uxoribus
2202 677 2284 729 vel

403 748 478 799 sic
519 747 777 799 fornicari
819 747 1094 813 presumit,
1139 746 1276 798 hanc
1306 745 1574 798 vindictae
1607 746 1978 815 subsequentis
2013 746 2280 819 [poenam]

400 819 643 887 protinus
689 819 868 872 sentit.
954 817 1017 870 In
1068 823 1284 887 pontem
1330 819 1553 870 mercati
1596 817 1642 869 is
1697 817 1889 871 ductus
1935 818 2056 886 *per
2100 818 2282 872 follem
2307 838 2323 855 *

400 889 635 942 testiculi
680 889 859 941 clavoa
905 888 1146 957 affigitur
1189 894 1243 942 et
1286 889 1545 941 novacula
1594 906 1760 958 prope
1806 890 1984 958 posita
2038 889 2126 942 hic
2173 907 2284 943 mo-

400 960 571 1013 riendi
618 961 726 1013 sive
765 959 830 1013 de
869 959 974 1013 hiis
1023 959 1332 1013 absolvendi
1382 959 1518 1012 dura
1567 962 1763 1014 eleccio
1808 960 1909 1014 sibi
1958 961 2133 1014 datur.
2215 963 2286 1015 Et

402 1033 723 1100 quicumque
760 1037 880 1101 post
915 1032 1081 1086 LXII.
1113 1049 1330 1085 carnem
1367 1031 1722 1085 manducasse
1759 1034 2041 1098 invenitur,
2089 1032 2284 1086 abcisis

403 1103 652 1156 dentibus
675 1104 910 1172 graviter
938 1104 1175 1170 punitur.
1237 1103 1348 1156 Lex
1378 1120 1609 1170 namque
1632 1103 1814 1156 divina
1843 1105 1896 1156 in
1926 1103 2032 1157 hiis
2055 1105 2282 1172 regioni-

402 1175 501 1228 bus
547 1176 751 1228 noviter
795 1180 981 1227 exorta
1030 1180 1297 1244 potestate
1343 1175 1439 1227 tali
1487 1175 1675 1228 melius
1727 1191 1886 1244 quam
1931 1176 2166 1229 ieiuniob
2215 1176 2283 1228 ab

403 1247 638 1316 episcopi
675 1247 953 1300 instituto⁰
991 1246 1392 1300 corroboratur.
1471 1245 1606 1299 Sunt
1637 1247 1797 1299 etiam
1832 1247 1950 1299 illi*
1986 1265 2161 1300 mores
2192 1248 2284 1300 alii

401 1319 505 1371 hiis
544 1318 709 1371 multo
751 1318 1031 1371 inferiores
1039 1359 1056 1384 ‚
1102 1319 1195 1386 qui
1231 1335 1328 1371 nec
1366 1318 1478 1370 Deo
1514 1318 1732 1386 placent
1774 1336 1871 1371 nec
1908 1319 2173 1387 indigenis
2210 1320 2287 1371 nil

403 1391 507 1443 nisi
545 1390 612 1443 ad
652 1396 914 1442 terrorem
959 1394 1205 1457 prosunt,
1260 1407 1394 1458 quos
1439 1390 1495 1441 in
1534 1390 1897 1458 superioribus
1943 1408 2007 1443 ex
2054 1390 2285 1459 quadam

402 1468 557 1531 parte
595 1461 988 1529 comprehendi.
1063 1461 1175 1514 Nec
1212 1479 1345 1529 opus
1394 1478 1509 1514 esse
1554 1467 1773 1515 autumo
1819 1461 1883 1514 de
1919 1461 2020 1514 hoc
2056 1462 2285 1531 amplius

403 1534 686 1597 disserere,
734 1533 885 1586 cuius
929 1551 1123 1585 nomen
1169 1537 1221 1585 et
1266 1533 1628 1598 conversacio,
1676 1534 1722 1586 si
1759 1533 1905 1586 Deus
1950 1534 2285 1602 omnipotens

401 1605 583 1670 vellet,
631 1605 808 1658 sacius
847 1604 1001 1657 nobis
1038 1605 1245 1657 lateret.
1322 1605 1488 1657 Omne
1527 1604 1647 1669 hoc,
1695 1605 1839 1673 quod
1877 1610 2030 1672 pater
2067 1623 2195 1658 suus
2233 1613 2287 1658 et

402 1680 505 1731 iste
542 1676 695 1730 nobis
733 1677 787 1729 in
827 1677 1078 1744 coniugio
1117 1693 1181 1729 ac
1217 1676 1590 1729 familiaritate
1636 1694 1831 1744 magna
1870 1676 2102 1745 copulati
2146 1683 2284 1741 sunt,

402 1750 523 1818 plus
573 1748 755 1801 damni
804 1748 1180 1816 subsequentis
1230 1765 1389 1816 quam
1437 1747 1563 1801 boni
1608 1748 1944 1817 precedentis
1993 1748 2176 1801 attulit
2223 1765 2286 1801 ac

403 1824 458 1874 in
481 1821 663 1874 futuro
687 1820 870 1886 infert;
905 1821 1046 1888 quia,
1069 1820 1170 1873 etsi
1191 1837 1324 1888 pace
1355 1819 1609 1872 simulata
1631 1838 1726 1873 nos
1756 1820 1826 1873 ad
1848 1825 2059 1888 tempus
2081 1820 2285 1889 diligat,

403 1899 583 1946 tamen
627 1910 724 1961 per
768 1898 1001 1948 secretas
1044 1893 1463 1960 temptacionum
1509 1892 1793 1944 varietates
1838 1909 1937 1944 nos
1980 1909 2015 1944 a
2063 1892 2287 1945 caritate

404 1970 612 2028 mutua,
661 1982 693 2016 a
736 1963 985 2016 libertate
1030 1964 1219 2016 innata
1263 1963 1559 2017 deducered
1605 1969 1678 2028 et,
1727 1964 1773 2016 si
1820 1963 2032 2032 quando
2077 1971 2287 2032 tempus

406 2038 455 2089 ei
499 2054 564 2088 ac
607 2036 756 2088 locus
807 2035 1052 2103 contigit,
1108 2036 1163 2087 in
1214 2035 1505 2103 perniciem
1557 2040 1799 2103 apertam
1852 2052 2132 2103 assurgere
2182 2053 2286 2088 non

406 2109 642 2162 desistit.

548 2209 597 2263 3.
656 2209 719 2259 In
758 2214 995 2278 tempore
1032 2208 1203 2276 patris
1242 2207 1384 2271 suil,
1433 2224 1553 2259 cum
1595 2207 1642 2259 is
1686 2207 1825 2259 iame
1870 2206 2086 2274 gentilis
2133 2211 2286 2271 esset,

406 2297 758 2348 unaquaeque
803 2281 996 2333 mulier
1039 2284 1163 2347 post
1200 2278 1300 2331 viri
1347 2278 1601 2347 exequias
1647 2278 1732 2330 sui
1769 2278 1890 2346 igne
1935 2279 2159 2331 cremati
2197 2277 2286 2330 de—

407 2352 603 2405 collata
656 2351 1018 2422 subsequitur.
1103 2351 1175 2403 Et
1226 2351 1273 2403 si
1325 2367 1432 2419 qua
1483 2350 1737 2402 meretrix
1788 2350 2180 2414 inveniebatur,
2233 2351 2288 2401 in

406 2423 627 2492 genitali
666 2441 778 2489 suo,
837 2424 983 2492 turpi
1021 2427 1074 2475 et
1110 2439 1285 2491 poena
1320 2421 1629 2486 miserabili,
1683 2421 2167 2474 circumcidebatur
2211 2420 2288 2473 id—

407 2513 530 2564 que,
578 2496 625 2547 si
662 2495 738 2548 sic
777 2495 884 2548 dici
920 2496 1063 2559 licet,
1108 2495 1414 2563 preputium
1451 2493 1506 2545 in
1544 2492 1747 2546 foribus
1786 2493 2152 2562 suspenditur,
2200 2491 2288 2545 *ut
2314 2507 2331 2523 *
2405 2509 2433 2541 ,ν

406 2568 660 2619 intrantis
697 2568 883 2621 oculus
921 2569 975 2619 in
1013 2567 1114 2619 hoc
1164 2565 1437 2618 offendens
1483 2565 1538 2616 in
1585 2564 1779 2617 futuris
1817 2564 1979 2618 rebus
2021 2582 2081 2618 eo
2118 2564 2289 2633 magis

195 2655 274 2687 1011.
293 2656 325 2694 8,
347 2654 379 2686 5-
407 2639 666 2692 sollicitus
699 2646 840 2692 esset
871 2645 924 2692 et
953 2638 1202 2707 prudens,
1276 2637 1386 2689 Lex
1418 2637 1686 2689 dominica
1719 2636 2025 2690 huiusmodi
2054 2636 2290 2706 precepit-

406 2710 638 2780 lapidari
703 2716 758 2764 et
819 2716 1102 2779 parentum
1155 2710 1438 2762 nostrimet
1487 2708 1786 2762 carnalium
1838 2709 2102 2761 institutio
2153 2707 2289 2760 tales

409 2788 619 2836 ortatur
657 2782 928 2836 decollari.
1006 2781 1161 2850 Apud
1197 2780 1482 2834 modernos
1520 2785 1715 2844 autem,
1756 2781 1883 2847 quia
1916 2780 2140 2833 libertas
2169 2797 2290 2847 pec-

409 2854 565 2908 candi
602 2855 723 2923 plus
759 2855 902 2907 iusto
941 2859 1102 2922 atque
1141 2852 1299 2905 solito
1342 2851 1541 2920 ubique
1587 2851 1918 2916 dominatur,
1964 2852 2083 2920 plus
2131 2868 2290 2920 quam

409 2944 712 2994 compressa
750 2927 1069 2979 ancillarum
1107 2923 1413 2989 multitud0,
1453 2923 1719 2992 quaedam
1749 2941 1875 2991 pars
1907 2929 2290 2986 matronarum,

409 2999 659 3066 cupidine
694 2999 908 3051 veneria
945 2997 1177 3066 pruritui
1215 2996 1374 3049 noxio
1415 2995 1806 3061 subscalpente,
1852 2996 2048 3049 marito
2086 2995 2291 3048 vivente

411 3073 582 3137 [nunc]
620 3069 911 3123 mechatur.
985 3069 1057 3121 Et
1093 3069 1149 3120 in
1192 3067 1295 3120 hoc
1332 3067 1408 3120 eis
1452 3083 1558 3119 non
1604 3066 1826 3131 sufficit,
1875 3067 1967 3120 sed
2013 3067 2153 3120 hunc
2195 3083 2292 3134 per

409 3142 714 3195 adulterum
751 3143 910 3195 morti
948 3140 1146 3194 furtiva
1183 3139 1396 3192 consilii
1449 3139 1808 3207 inspiracione
1859 3138 2027 3192 tradit
2077 3143 2130 3191 et
2171 3142 2293 3207 post

410 3215 542 3267 haec
580 3214 783 3267 malum
820 3213 1046 3266 caeteris
1085 3212 1382 3280 exemplum
1422 3210 1605 3263 eodem
1644 3213 1794 3278 [post]
1826 3210 2035 3278 publice
2063 3213 2290 3277 sumpto,

411 3303 507 3353 pro
539 3285 711 3338 dolor!
746 3285 1061 3354 potestative
1093 3283 1351 3335 abutitur.
1428 3281 1641 3350 Legalis
1672 3281 1961 3335 earundem
1992 3282 2171 3335 senior
2201 3279 2290 3333 ab-

504 3416 550 3469 *)
582 3415 695 3460 Duci
726 3415 832 3459 add.
856 3416 896 3459 2.

413 3528 447 3569 a)
469 3530 572 3561 clauc
597 3532 627 3562 1.
716 3527 754 3569 b)
777 3529 899 3560 ienuio
922 3530 954 3559 1.
1044 3526 1078 3567 c)
1101 3530 1140 3559 tu
1163 3525 1249 3558 add.
1271 3528 1308 3559 Τ,
1399 3525 1436 3567 d)
1457 3528 1610 3566 primum
1634 3533 1653 3556 e
1677 3524 1765 3558 add.-
1782 3526 1822 3557 T.
1911 3523 1943 3564 e)
1966 3525 2037 3555 iam
2060 3532 2195 3555 erasum
2215 3525 2247 3554 1.

415 3628 456 3680 1)
499 3629 760 3674 Miseeonis.
827 3628 896 3682 Cf.
928 3629 974 3673 S.
1005 3628 1216 3681 Bonz'sat.
1246 3628 1375 3684 epist.
1407 3629 1462 3672 59
1493 3625 1639 3681 (Iaffe'
1669 3624 1913 3670 ‘Bibliothss
1938 3625 2038 3678 ΙΙΙ,
2070 3624 2186 3676 172).
