2372 3970
790 326 1126 370 THIETMARI
1159 326 1520 373 CHRONICON.
2006 332 2095 375 VII

219 453 336 503 miti
372 461 418 504 et
455 453 746 505 marchioni
786 454 916 522 pa9i
953 454 1209 524 Nordyau
1254 463 1499 525 nupserat
1535 464 1581 508 et
1618 457 1922 509 Heinricum
1959 477 2096 509 mar-

220 537 446 588 chionem
487 538 784 607 plerumque
828 537 891 588 ab
929 538 1050 590 urbe
1094 558 1189 591 sua
1229 539 1575 610 Schweinfurt
1618 543 1809 594 dictum
1850 542 2096 611 (fortasse

218 621 374 672 etiam
405 620 641 690 fratrem
678 622 786 674 eius
822 622 1108 676 Bucconem
1126 623 1170 693 ¹)
1206 634 1475 694 pepererat
1488 623 1527 681 ².

359 727 674 779 Mahtkildis
723 729 873 780 aviae
929 729 1222 782 Thietmari
1257 731 1489 800 fratrem
1526 733 1760 784 novimus
1796 733 2094 785 Riobertum

218 812 446 862 comitem
461 809 500 866 3.
596 812 745 865 Alter
797 813 1022 866 eiusdem
1069 814 1253 883 frater
1297 815 1533 885 fortasse
1580 816 1698 886 fuit
1748 817 1901 869 Brun
1953 819 2097 887 apud

213 897 521 966 posteriores
543 916 716 949 rerum
739 900 1014 967 scriptores
1045 898 1111 951 de
1136 898 1510 962 Querenvorde
1538 903 1723 968 dictus,
1756 904 1900 955 cuius
1914 903 2095 971 filium

216 982 514 1034 Brunonem
552 1001 616 1034 ea:
646 983 749 1033 Ida
785 984 1010 1052 qenitum
1050 1003 1099 1038 a.
1129 985 1281 1038 1009.
1322 987 1579 1056 martyrio
1616 987 1673 1038 in
1703 987 1921 1039 Prussia
1960 1006 2096 1040 coro-

215 1075 394 1118 natum
433 1085 535 1118 esse
573 1065 818 1120 constat4.

357 1171 603 1224 Heinrici
654 1173 854 1225 comitis
911 1174 960 1224 T
956 1174 1200 1226 hietmari
1252 1176 1363 1241 avi,
1419 1195 1564 1245 quem
1614 1177 1900 1231 Annalista
1950 1178 2096 1232 Samo

218 1255 345 1325 (SS.
381 1256 459 1308 VI
446 1256 477 1324 )
513 1255 813 1309 Stadensem
843 1260 1148 1325 nominavit,
1174 1259 1291 1328 filii
1308 1259 1534 1329 fuerunt
1562 1270 1690 1314 tres:
1739 1263 1849 1314 Udo
1873 1263 1945 1333 (a.
1973 1263 2092 1317 994.

215 1360 249 1392 a
280 1342 481 1410 piratis
519 1342 763 1410 occisus),
812 1343 1091 1396 Heinricus
1137 1347 1192 1413 (†
1233 1345 1422 1415 1016),
1467 1343 1768 1416 Siqifridus
1813 1348 1870 1417 (†
1911 1347 2093 1416 1037),

215 1445 432 1495 quorum
484 1427 743 1479 civitatem
797 1427 1038 1481 Hersevel
1090 1428 1427 1500 (Harsefelol)
1469 1431 1642 1500 fuisse
1682 1432 1867 1485 Noster
1917 1432 2046 1484 dicit
2059 1432 2096 1488 ⁵.

216 1513 462 1565 Heinrici
482 1513 662 1581 filium
697 1512 1022 1583 Siyzfridum
1052 1514 1255 1566 nomine
1283 1515 1341 1566 in
1372 1515 1518 1568 clade
1556 1516 1654 1567 illa
1683 1517 1951 1568 maritima
1979 1536 2095 1586 per-

212 1598 334 1650 iisse
379 1597 704 1651 Tkietmarus
747 1597 934 1667 refert,
980 1597 1244 1669 Siqifridi
1271 1601 1450 1669 filium
1490 1601 1823 1653 Lintharium
1873 1602 2092 1655 Udonem

212 1692 445 1736 vocatum-
483 1702 531 1735 a.
562 1684 945 1738 1056—1057.
985 1685 1250 1736 marchiae
1287 1685 1590 1754 aquilonari
1624 1686 1919 1755 praefuisse
1956 1686 2093 1741 Ann.

214 1767 360 1821 Saxo
408 1770 686 1822 memoriae
731 1769 986 1838 prodidit.
1062 1769 1286 1821 Illorum
1333 1778 1378 1821 et
1421 1768 1756 1839 Cuniyundae
1799 1789 1906 1822 una
1950 1789 2096 1824 soror

214 1854 418 1905 Hathui
467 1873 517 1908 a.
552 1855 677 1908 973.
732 1853 994 1905 abbatissa
1047 1854 1351 1906 monasterii
1401 1854 1709 1924 Heeslinyen
1749 1855 1908 1925 facta
1959 1855 2096 1922 est⁶,·

213 1939 383 1992 altera
415 1937 714 2008 Hildeyard
746 1957 859 1989 cum
890 1938 1203 1990 Bernhardo
1233 1939 1276 1990 Ι.
1311 1936 1577 1991 Saxoniae
1607 1939 1749 2005 duce,
1780 1939 2097 1992 Herimanni

211 2024 362 2076 ducis
382 2023 523 2090 filio,
561 2024 708 2074 cuius
745 2041 969 2075 sororem
1010 2022 1368 2077 Swanhildam
1416 2023 1740 2075 Thietmarus
1776 2025 2008 2077 marchio
2049 2034 2095 2077 et

207 2117 323 2177 post
353 2116 562 2159 mortem
592 2107 701 2160 eius
734 2107 798 2175 (†
821 2106 950 2175 978)
975 2107 1317 2160 Ekkilzardus
1346 2109 1403 2160 in
1433 2109 1822 2161 matrimonium
1853 2110 2092 2176 duoeerat,

209 2201 373 2263 nupta
403 2193 524 2262 suit
562 2200 607 2244 et
644 2200 810 2245 mater
846 2192 1155 2245 Bernhardi
1182 2194 1257 2246 II.
1297 2194 1446 2246 ducis
1483 2203 1528 2246 et
1571 2194 1860 2247 Thietmari
1894 2196 2095 2248 comitis

198 2278 357 2348 facta
394 2277 517 2332 est7.
602 2276 777 2330 Tertia
816 2295 962 2330 soror
969 2318 985 2343 ,
1032 2279 1176 2329 ouius
1214 2297 1392 2331 nomen
1430 2297 1531 2331 non
1567 2277 1819 2331 traditum
1856 2288 1950 2345 est,
1987 2281 2093 2332 nisi

209 2366 329 2434 ipsa
355 2363 474 2432 fuit
510 2362 868 2433 Hildeyarda‚
916 2363 1085 2415 nescio
1121 2364 1207 2415 cui
1245 2363 1494 2416 collocata
1532 2372 1695 2416 mater
1720 2363 1837 2434 fuit
1880 2365 1930 2415 T
1930 2365 2091 2417 kiede·

211 2449 315 2500 rici
349 2449 782 2501 Monasteriensis
819 2449 1045 2518 episcopi
1056 2447 1095 2502 3.

363 2554 557 2606 Udonis
587 2555 633 2605 I.
668 2563 880 2624 praeter
911 2555 1182 2606 Iuthittam
1216 2555 1369 2607 liberi
1391 2555 1614 2624 fuemmt
1648 2555 1759 2608 Udo
1782 2555 1854 2610 ΙΙ.
1882 2554 1938 2624 (†
1960 2557 2064 2609 982
2060 2556 2091 2624 )

210 2658 388 2704 comes,
424 2639 709 2690 Konradus
738 2639 782 2693 I.
820 2639 931 2690 duee
965 2639 1305 2692 Alemanniae
1330 2640 1686 2706 (982-997),
1723 2640 2092 2704 Heribertus9;

208 2725 453 2776 Konradi
473 2724 626 2792 filius
650 2724 1006 2776 Herimarmus
1030 2725 1103 2777 II.
1136 2724 1245 2777 duce
1268 2725 1613 2778 Alemanniae
1637 2726 1837 2795 (997—
1851 2725 2010 2793 1003)
2027 2725 2091 2789 ¹⁰,

209 2810 298 2878 qui
341 2828 406 2860 ew
455 2808 721 2878 Gerberya
769 2809 1015 2860 Konradi
1062 2809 1409 2880 Buryundiae
1458 2813 1595 2879 reyis
1632 2811 1760 2879 filia
1811 2810 2092 2862 Heriman-

207 2913 329 2945 num
363 2894 468 2945 III.
524 2894 767 2963 (1003—
791 2893 955 2963 1012)
1011 2903 1057 2947 et
1109 2893 1341 2947 Giselam
1394 2896 1657 2964 postmodo
1711 2896 2091 2964 imperatricem

209 3085 251 3139 1)
293 3087 344 3140 V,
375 3087 444 3131 34.
561 3085 605 3139 2)
646 3087 697 3139 V,
732 3088 803 3131 14:
847 3087 1084 3131 Heinrieus
1123 3100 1265 3131 comes
1296 3087 1498 3131 Bertoldi
1532 3088 1754 3143 amiteque
1792 3101 1916 3130 meae
1953 3087 2088 3138 filius3

222 3157 275 3210 V,
307 3157 388 3201 38:
433 3157 638 3201 Heinrici
669 3158 842 3200 comitis
874 3158 1033 3202 inclita
1063 3160 1207 3202 mater
1236 3158 1338 3201 Eila
1367 3159 1543 3202 nomine
1553 3176 1563 3210 ;
1607 3159 1743 3212 VIII,
1775 3159 1853 3202 63:
1897 3158 2093 3202 marchio

211 3226 448 3270 Heinricus
480 3227 646 3271 amitae
678 3229 863 3272 meimet
892 3229 1011 3272 filius
1035 3261 1045 3271 .
1072 3261 1081 3270 .
1107 3261 1116 3271 .
1147 3229 1193 3271 in
1226 3228 1457 3272 Suinvordi
1488 3229 1670 3272 civitate
1701 3241 1799 3278 sua3
1832 3231 1890 3282 ef.
1922 3229 1991 3279 II,
2023 3230 2092 3273 21.

208 3295 252 3347 3)
296 3295 346 3349 V,
376 3297 426 3340 3:
464 3298 647 3350 patruus
678 3310 801 3340 meus
833 3330 842 3340 .
869 3331 877 3341 .
905 3332 914 3342 .
947 3313 1046 3346 cum
1085 3299 1297 3343 avunculo
1335 3313 1410 3342 suo
1441 3299 1663 3342 Ricberto.
1779 3298 1823 3351 4)
1868 3298 1976 3353 VII,
2009 3300 2089 3344 34:

210 3367 330 3410 Brun
355 3400 364 3410 .
393 3399 402 3408 .
428 3399 436 3408 .
463 3366 516 3409 ab
555 3366 638 3410 Ida
665 3368 914 3413 venerabili
952 3371 1095 3413 matre
1133 3369 1260 3412 unice
1299 3368 1487 3412 dilectus
1512 3402 1521 3411 .
1549 3402 1558 3411 .
1585 3402 1594 3411 .
1654 3369 1796 3412 Huius
1835 3371 1964 3424 pater
1997 3372 2094 3413 erat

211 3439 333 3481 Brun
357 3471 366 3481 .
392 3471 401 3480 .
429 3470 438 3480 .
465 3437 630 3481 amicus
660 3438 772 3482 mihi
805 3440 1207 3496 consanguinitate.
1336 3441 1380 3492 5)
1412 3440 1503 3493 IV,
1534 3440 1717 3484 23—25.
1843 3440 1887 3493 6)
1921 3439 1993 3495 II,
2022 3443 2090 3485 42.

209 3509 252 3562 7)
285 3510 326 3563 I,
359 3511 428 3563 13,
463 3509 603 3564 VIII,
636 3512 703 3556 19.
819 3509 862 3564 8)
902 3512 1039 3565 VIII,
1068 3512 1148 3556 48:
1185 3510 1442 3554 Thiedricus
1473 3512 1651 3555 sanctae
1674 3511 2093 3568 Mirmingendensis

210 3579 448 3623 aecclesiae
490 3580 660 3634 presul,
712 3583 982 3625 materterae
1024 3595 1147 3625 meae
1197 3580 1338 3631 filius;
1386 3581 1445 3636 cf.
1488 3584 1580 3636 IX,
1622 3584 1690 3627 26.
1822 3582 1866 3636 9)
1902 3583 1990 3636 IV,
2021 3583 2090 3628 60.

209 3650 280 3704 10)
325 3651 374 3704 V,
405 3652 483 3694 22.-
515 3650 813 3696 Herimannus
844 3651 929 3695 dux
958 3652 1116 3696 matris
1146 3665 1270 3696 meae
1302 3652 1507 3696 avunculi
1538 3653 1671 3696 filius.
