2456 4036
166 370 327 425 (1000).

98 807 230 847 Tagin.
256 808 331 840 chr.

153 879 258 912 Mart.
277 882 331 913 24.

155 951 259 984 Mart.
276 951 330 984 25.

154 1237 260 1270 Mart.
277 1239 330 1270 31.

192 1310 280 1349 Apr.
299 1312 330 1342 1.

199 1524 315 1567 (Mai).

143 2605 252 2639 Prud.
275 2606 311 2636 in

123 2649 261 2687 symm.
282 2649 333 2690 ΙΙ,

193 2693 268 2725 766.

359 240 416 283 90
852 235 1188 280 THIETMARI
1219 235 1435 280 CHRON.
1496 236 1609 280 LIB.
1642 237 1753 280 1111.

359 364 582 417 Radimo
612 363 891 432 eidemque
922 363 1188 415 subiciens
1220 361 1595 426 Reinbernum,
1640 361 1823 416 Salsae
1863 364 2236 434 Cholbergien-

357 435 430 489 sis
461 435 752 488 aecclesiae
783 435 1103 502 episcopum,
1144 434 1446 501 Popponem
1479 433 1914 500 cracuaensema‚
1948 436 2237 491 Iohannem

356 506 844 570 wrotizlaensemb,
877 505 1120 571 Vungero
1151 504 1531 557 Posnaniensi⁰
1561 511 1780 575 excepto
1800 506 1838 571 ¹3
1879 507 2126 577 factoque
2163 510 2238 563 ibi

355 577 514 630 altari
553 583 765 630 sanctas
805 577 858 627 in
899 593 958 628 eo
997 575 1286 629 honorifice
1325 576 1563 630 condidit
1599 578 1870 647 reliquias,

497 650 584 705 46,
656 647 912 700 Perfectis
958 651 1084 699 tunc
1133 646 1376 700 omnibus
1430 649 1721 717 imperator
1765 668 1797 702 a
1842 650 2055 719 prefato
2105 651 2237 704 duce

358 720 562 787 magnis
609 718 919 771 muneribus
964 718 1252 772 decoratur
1304 724 1372 781 et,
1420 720 1560 788 quod
1605 722 1836 774 maxime
1881 722 1984 775 sibi
2022 723 2237 790 placuit,

357 790 609 844 trecentis
676 789 936 843 militibus
1002 791 1257 844 loricatis,
1366 790 1522 844 Hunc
1588 792 1873 846 abeuntem
1940 794 2239 848 Bolizlavus

357 863 614 915 comitatu
645 879 812 930 usque
842 862 912 915 ad
942 861 1311 931 Magadaburg
1342 862 1559 916 deducit
1589 864 1780 932 egreiO,
1818 865 1908 918 ubi
1939 866 2239 934 palmarum

356 934 635 986 sollemnia
659 933 865 986 celebre
889 941 1110 1002 peracta
1135 939 1258 988 sunt
1270 933 1308 990 2.
1363 933 1607 988 Secunda
1639 935 1777 989 feria
1807 937 2240 1007 archiepiscopus

357 1004 594 1058 eiusdem
654 1005 760 1058 loci
818 1006 1158 1074 imperatoris
1218 1006 1395 1060 edictu
1454 1007 1686 1076 priorem
1739 1009 2006 1078 suscipere
2061 1010 2237 1063 sedem

354 1082 574 1145 rogatus
620 1076 748 1130 data
792 1077 1136 1131 internuntiis
1179 1096 1376 1146 magna
1418 1080 1645 1147 pecunia
1690 1079 1933 1134 inducias
1971 1099 2139 1150 usque
2170 1082 2240 1134 ad

356 1148 799 1217 Quidilingeburg
835 1149 922 1202 vix
960 1150 1279 1219 impetravit.
1361 1151 1444 1203 Fit
1490 1150 1617 1204 illuc
1661 1169 1885 1220 magnus
1930 1158 2239 1207 senatorum

358 1221 705 1287 concursus33
739 1221 1016 1289 paschalia
1047 1223 1215 1275 eciam
1253 1221 1328 1274 ibi
1357 1228 1687 1291 peraguntur
1717 1224 1934 1291 gaudia,
1977 1230 2030 1278 et
2058 1224 2240 1278 habito

355 1293 410 1345 in
464 1292 532 1345 II.
572 1292 710 1346 feria
757 1293 945 1346 sinodo
998 1294 1191 1347 iterum
1243 1293 1554 1347 *Gisillerus
1605 1301 1842 1349 vocatur.
1940 1296 2041 1349 Hic
2094 1296 2239 1349 infir-

355 1364 572 1417 mitated
609 1382 892 1435 oppressus
938 1365 1116 1418 valida
1160 1384 1194 1419 a
1235 1365 1475 1436 predicto
1521 1373 1807 1420 excusatur
1849 1368 2148 1420 Rotmanno
2187 1373 2241 1422 et

354 1437 410 1489 in
447 1437 629 1489 multis
669 1456 700 1489 a
733 1436 1046 1490 Waltherdo
1085 1443 1212 1491 tunc
1249 1439 1521 1507 preposito
1555 1438 1876 1494 defenditur.
1952 1439 2239 1493 Indiciture

354 1508 480 1562 huic
519 1509 800 1562 concilium
847 1510 902 1561 in
939 1510 1362 1579 Aquisgraniffl,
1414 1528 1518 1579 quo
1557 1511 1671 1577 ipse
1710 1528 1830 1564 cum
1878 1512 1987 1564 suis
2026 1513 2239 1566 veniens

354 1581 549 1634 iterum
609 1580 679 1633 ab
739 1580 1118 1635 archidiacono
1181 1582 1454 1636 Romanae
1514 1582 1656 1635 sedis
1724 1582 2031 1651 alloquitur.
2137 1584 2240 1649 Qui

354 1653 585 1722 sapienti
623 1653 844 1706 consilio
885 1671 1012 1707 usus
1056 1654 1303 1722 generale
1353 1654 1455 1707 sibi
1498 1654 1738 1723 postulat
1775 1654 1894 1707 dari
1932 1656 2240 1721 concilium3

355 1725 536 1794 sicque
575 1724 877 1779 indiscussa
915 1725 1084 1779 dilata
1123 1731 1250 1779 sunt
1294 1726 1426 1780 haec
1472 1727 1673 1791 omnia,
1721 1745 1889 1796 usque
1935 1727 2062 1780 dum
2107 1728 2240 1781 haec

356 1798 501 1850 Deus
539 1795 692 1850 finire
732 1797 984 1866 dignatus
1025 1802 1107 1851 est
1144 1799 1340 1851 nostris
1378 1799 1651 1866 propicius
1690 1798 2032 1866 temporibus.

496 1869 582 1923 47.
610 1869 744 1939 (29.)
792 1869 1094 1938 Imperator
1116 1871 1393 1940 antiquam
1418 1871 1776 1924 Romanorum
1801 1871 2240 1924 consuetudinem

356 1942 461 1994 iam
495 1959 561 1995 ex
589 1946 741 2009 parte
777 1941 1011 2014 [magna]
1050 1941 1276 1995 deletam
1311 1945 1423 1997 suis
1456 1943 1675 2010 cupiens
1705 1960 1959 1996 renovare
1990 1945 2242 2012 tempori-

355 2013 456 2066 bus
501 2013 671 2066 multa
708 2012 966 2079 faciebat,
1024 2032 1161 2082 quae
1199 2014 1396 2068 diversi
1434 2014 1640 2067 diverse
1684 2015 1998 2071 sentiebant.
2083 2015 2241 2069 Solus

355 2085 426 2139 ad
463 2103 702 2138 mensam
741 2087 897 2153 quasi
936 2086 1304 2140 semicirculus
1343 2087 1538 2140 factam
1570 2086 1686 2139 loco
1721 2088 1978 2140 caeterisg
2010 2088 2240 2140 eminen-

355 2158 488 2211 ciori
527 2156 766 2211 sedebat.
860 2158 1050 2211 Karoli
1097 2160 1295 2211 cesaris
1349 2177 1472 2212 ossa
1520 2158 1611 2211 ubi
1655 2159 2073 2228 requiescerent,
2121 2177 2240 2212 cum

355 2229 641 2295 dubitaret,
681 2234 838 2299 rupto
878 2231 1015 2284 clam
1055 2231 1371 2299 pavimento,
1414 2230 1505 2283 ubi
1537 2249 1600 2283 ea
1631 2248 1747 2283 esse
1775 2232 2000 2300 putavit,
2041 2230 2238 2297 fodere,

355 2319 632 2371 quousque
670 2301 803 2355 haec
841 2303 896 2355 in
936 2303 1110 2358 solio⁵
1148 2303 1360 2356 inventa
1399 2307 1522 2356 sunt
1558 2303 1720 2370 regiO,
1766 2303 1940 2359 iussit.
2015 2303 2238 2356 Crucem

356 2391 598 2438 auream,
653 2392 789 2442 quae
841 2375 897 2427 in
951 2375 1087 2427 collo
1141 2375 1254 2428 eius
1306 2375 1575 2444 pependit,
1632 2392 1752 2427 cum
1803 2376 2241 2428 vestimentorum

356 2451 508 2515 parte
554 2445 732 2499 adhuc
770 2446 1185 2515 imputribilium
1234 2465 1447 2500 sumens
1494 2451 1708 2500 caetera
1746 2464 1863 2499 cum
1903 2448 2242 2500 veneratione

356 2536 551 2587 magna
595 2519 848 2588 reposuit.
934 2518 1038 2573 Sed
1083 2519 1212 2588 quid
1259 2537 1544 2572 memorem
1592 2519 1827 2586 singulos
1871 2519 2111 2572 eiusdem
2155 2537 2243 2572 ac-

357 2608 539 2643 cessus
564 2595 617 2643 et
638 2609 880 2644 recessus
903 2609 998 2660 per
1026 2608 1209 2644 omnes
1241 2592 1436 2645 suimet
1465 2590 1802 2659 episcopatus
1835 2596 1887 2644 et
1918 2591 2242 2645 comitatus?

359 2662 579 2716 Cunctis
605 2662 749 2732 apud
773 2663 1155 2731 Transalpinos
1197 2664 1329 2717 bene
1365 2663 1638 2732 dispositis
1666 2663 1965 2716 Romanum
1989 2663 2245 2716 visitabat

357 2792 393 2833 a)
428 2802 448 2824 a
473 2803 609 2825 erasum
631 2795 664 2825 1.
767 2791 805 2833 b)
846 2794 1156 2825 uuratizlaensem
1188 2795 1225 2825 V.
1330 2792 1362 2832 c)
1399 2793 1681 2832 posnaniensem
1704 2794 1747 2824 B.
1858 2791 1895 2833 d)
1931 2791 2114 2825 infirmate
2137 2794 2179 2834 B,
2214 2793 2244 2824 it

357 2837 444 2869 add.
464 2838 504 2869 Τ.
594 2836 628 2878 e)
650 2836 823 2868 inciditur
844 2837 888 2877 B,
912 2846 1002 2868 corr.
1024 2837 1061 2868 Τ.
1152 2837 1182 2878 f)
1204 2837 1386 2877 aqisgrani
1410 2838 1441 2868 1.
1531 2836 1569 2878 g)
1591 2836 1722 2882 ceteris
1746 2845 1834 2867 corr.
1862 2837 1993 2868 ceteris
2017 2838 2048 2867 1.

363 2924 403 2978 1)
448 2924 621 2979 Taqino
652 2925 680 2967 l.
706 2938 766 2968 c.:
814 2924 1057 2979 imperator
1097 2948 1149 2955 —
1181 2948 1237 2953 —-
1274 2924 1321 2967 in
1352 2923 1451 2978 ipsa
1480 2922 1588 2966 urbe
1621 2922 1757 2966 Gnesi
1789 2921 2089 2966 Gaudentium
2119 2923 2242 2967 beati

359 2980 596 3025 Adalberti
638 2995 903 3037 germanum
953 2981 1197 3025 consecrari
1238 2982 1345 3025 fecit
1392 2980 1769 3035 archiepiscopum
1821 2980 1861 3023 ei
1894 2994 1948 3023 ue
1995 2982 2085 3023 tres
2133 2980 2242 3024 alios

361 3039 584 3094 episcopos
615 3039 662 3082 in
693 3038 838 3082 tribus
869 3038 990 3090 lociS,
1021 3038 1068 3082 id
1099 3041 1167 3082 est
1199 3038 1548 3088 Salzcholberch,
1580 3037 1796 3087 Cracowe‚
1886 3037 2098 3082 rotizlave
2129 3037 2242 3081 ordi-

360 3099 491 3140 natos
523 3096 714 3140 subiecit
723 3113 733 3148 ;
765 3095 1111 3140 Poznaniensem
1135 3111 1238 3140 vero
1269 3097 1519 3151 episcopum
1543 3110 1629 3139 non
1654 3095 1972 3139 assentientem
1995 3095 2131 3150 priori
2154 3095 2243 3138 iuri

362 3156 407 3197 et
429 3153 827 3210 Magdeburgensis
856 3154 1177 3209 archiepiscopi
1200 3154 1464 3198 subiectioni
1488 3153 1685 3209 reliquit.
1747 3153 1874 3197 Tunc
1897 3153 2040 3208 iyit-ur
2063 3168 2104 3196 a.
2132 3155 2244 3197 1000

363 3213 418 3255 ab
453 3212 609 3257 Ottone
639 3212 1058 3267 archiepiscopatus
1089 3213 1138 3255 in
1171 3211 1350 3256 Gnesen
1381 3217 1422 3255 ct
1452 3211 1740 3267 episcopatus
1769 3211 1817 3253 in
1843 3210 2055 3266 Kolberq,
2086 3211 2244 3266 (quam

361 3270 516 3313 urbem
552 3270 644 3314 iam
680 3275 775 3314 tum
804 3270 965 3315 salinis
998 3271 1169 3314 claram
1187 3270 1343 3322 fuisse
1378 3269 1482 3313 hinc
1521 3273 1721 3324 apparet,
1724 3269 1747 3319 )
1788 3268 2001 3321 Kralcau,
2043 3269 2244 3312 Brcslau

363 3327 592 3372 constituti
641 3332 759 3372 sunt.
848 3328 1068 3383 Diploma
1119 3327 1185 3370 ibi
1234 3327 1389 3371 dat-iim
1442 3331 1508 3371 est
1558 3327 1701 3370 Mart.
1735 3325 1788 3369 15
1839 3324 2052 3380 (Stumpf
2101 3325 2243 3377 1213).

363 3383 406 3437 2)
450 3383 622 3430 Charta
661 3385 727 3429 ibi
766 3385 876 3429 data
918 3389 983 3428 est
1012 3386 1154 3429 Mart.
1178 3386 1233 3429 23
1273 3384 1482 3440 (Stumpf
1518 3383 1663 3435 1214).
1791 3382 1835 3436 3)
1879 3384 2143 3438 Diplomata
2180 3383 2247 3426 ibi

365 3443 475 3486 data
499 3447 603 3486 sunt
625 3444 738 3497 Apr.
767 3443 899 3485 1—21
927 3442 1138 3497 (Stumpf
1155 3442 1470 3492 1215—1219).
1586 3441 1629 3491 4)
1670 3440 1759 3485 Ubi
1779 3441 1913 3485 datae
1935 3446 2042 3485 sunt
2063 3440 2245 3485 chartam

366 3500 479 3553 Apr.
503 3500 735 3544 30—Mai.
761 3501 815 3544 15
844 3499 1055 3555 (Stampf
1081 3500 1399 3551 1220-1224).
1514 3498 1558 3551 5)
1593 3500 1689 3551 Quo
1719 3499 1893 3542 nomine
1922 3498 2003 3542 hoc
2033 3499 2126 3542 loco
2156 3511 2245 3541 non

367 3557 519 3600 sellam
549 3558 735 3613 remam,
766 3558 845 3601 sed
873 3557 1204 3613 sarcophayum
1235 3556 1488 3612 siqnificari
1507 3556 1697 3610 Lindcr‚
1722 3555 2077 3610 ‘Forschunyen’
2104 3555 2244 3610 XIX,

367 3627 409 3667 p.
436 3615 514 3658 181
532 3637 585 3643 -
602 3615 682 3659 186
713 3614 1049 3659 demonstravit.
