2456 4036
774 223 1108 269 THIETMARI
1139 224 1354 270 CHRON.
1410 226 1521 270 LIB.
1553 226 1605 269 V.
2038 230 2119 273 119

257 347 546 412 morderet,
598 347 886 401 simulabat
930 366 986 402 se
1032 349 1099 403 ob
1143 351 1244 404 hoc
1286 356 1397 404 tam
1442 370 1559 406 sero
1605 352 1674 405 ad
1717 354 1858 421 regis
1894 354 2119 421 gratiam
2151 365 2274 410 1002.

255 419 558 499 accessisse,
600 419 739 486 quod
768 419 824 471 in
853 421 1162 488 accipienda
1191 421 1554 476 benedictione
1588 423 1985 492 Magontinum²
2016 424 2120 477 sibi

255 507 351 543 rex
385 489 638 542 voluisset
671 506 979 558 preponere.
1053 491 1220 560 Igitur
1255 492 1333 545 hii
1377 494 1697 559 confratre8‚
1744 495 1979 563 episcopi
2022 496 2122 548 sci-

254 561 394 625 licet,
433 577 607 627 regem
649 560 852 627 pariter
888 561 1142 629 eligentes
1178 562 1442 632 fidemque
1472 566 1821 618 sacramentis
1850 564 2122 620 firmantes

255 649 424 699 usque
461 630 530 683 ad
561 631 930 699 Aquasgranib
961 633 1185 686 eundem
1214 634 1550 688 comitantur.
1612 636 1724 699 Quo
1752 635 1809 688 in
1838 636 2120 690 nativitate
2143 654 2294 695 sepas,

255 706 474 755 sanctae
512 701 714 754 Mariae
752 719 784 754 a
821 703 1139 771 primatibus
1176 705 1573 759 Liuthariorum
1610 707 1666 759 in
1702 724 1877 775 regem
1923 707 2122 760 collau-

256 774 415 826 datur
459 777 511 825 et
555 773 610 827 in
655 772 832 826 sedem
877 775 1077 842 regiam
1122 793 1267 828 more
1319 782 1712 830 antecessorum
1765 795 1982 831 suorum
2032 796 2121 831 ex·

256 845 457 898 altatur
494 848 547 895 et
585 843 973 911 magnificatur.

211 969 217 975 ,
397 915 618 968 [nterim
648 915 928 967 Franciam
958 917 1190 970 revisere
1220 917 1655 986 insistentemque
1690 918 1891 986 hyemis
1923 920 2122 988 asperi—

254 991 421 1040 tatem
475 985 671 1039 ibidem
725 986 1013 1052 perducere
1065 992 1309 1053 conatur,
1368 994 1428 1042 ut
1477 1007 1597 1042 vere
1647 990 1877 1057 primum
1937 995 2120 1043 exorto

255 1058 642 1111 Herimannum
687 1056 876 1109 ducem
920 1059 975 1109 in
1014 1057 1298 1127 Cisalpinis
1341 1059 1586 1127 partibus
1631 1059 1732 1112 sibi
1781 1061 1949 1114 solum
1991 1062 2121 1114 resi-

255 1133 483 1182 stentem
526 1129 576 1181 vi
621 1134 833 1195 cogeret
876 1128 1077 1182 cedere.
1162 1130 1263 1192 Qui
1307 1129 1372 1183 de
1415 1130 1649 1182 vindicta
1694 1131 1812 1196 Dei,
1859 1149 2022 1200 quam
2065 1133 2120 1184 in

255 1200 547 1268 Argentina
595 1199 913 1267 promeruit,
967 1200 1194 1252 multum
1243 1200 1462 1254 timidus
1507 1200 1862 1270 populumque
1907 1209 2122 1271 propter

255 1290 311 1325 se
348 1271 684 1324 laborantem
720 1287 828 1323 non
865 1271 1093 1338 amplius
1131 1272 1396 1324 sustinens
1434 1289 1528 1340 per
1571 1273 1946 1326 intercessores
1987 1273 2120 1327 fidos

255 1343 360 1396 sibi
398 1343 612 1410 suisque
651 1341 952 1395 fautoribus
988 1343 1131 1409 regis
1169 1344 1395 1411 gratiam
1432 1343 1681 1411 postulat.

399 1417 482 1467 21.
523 1414 656 1483 (13.)
725 1412 828 1466 Sed
880 1418 1166 1481 antequam
1217 1413 1273 1466 id
1325 1414 1393 1466 ab
1447 1431 1508 1466 eo
1561 1413 1913 1467 deliberatum
1965 1421 2119 1477 esset,

255 1485 519 1554 quaedam
557 1502 643 1537 res
681 1483 748 1536 ab
782 1484 1091 1537 Alamannis
1128 1490 1434 1554 perpetrata
1471 1491 1567 1550 est,
1606 1503 1638 1537 a
1674 1485 1824 1538 nobis
1862 1503 1965 1539 non
2002 1503 2121 1555 pre-

254 1556 528 1611 tereunda.
611 1555 934 1620 Gerhardus,
981 1573 1156 1609 comes
1186 1556 1421 1609 Alsatiae
1438 1557 1471 1620 1,
1517 1562 1735 1623 accepto
1773 1574 1804 1609 a
1841 1573 1962 1624 rege
1994 1573 2120 1625 quo-

255 1629 378 1681 dam
417 1627 671 1680 comitatu
708 1626 906 1695 prefati
936 1626 1086 1680 ducis
1123 1645 1240 1680 cum
1274 1627 1487 1680 domum
1524 1626 1736 1692 rediret,
1774 1628 1924 1680 iuxta
1961 1645 2121 1680 unam

255 1699 468 1753 urbium
506 1706 683 1751 castra
720 1702 949 1751 metatus
987 1703 1082 1751 est.
1159 1699 1203 1750 A
1242 1715 1347 1767 quo
1389 1698 1580 1751 urbani
1615 1715 1799 1766 pacem
1836 1699 1923 1750 vix
1959 1714 2117 1751 unam

254 1775 459 1824 noctem
498 1770 844 1838 impetrantes
881 1770 1079 1838 egressi
1115 1775 1238 1822 sunt
1267 1769 1451 1822 dolose
1484 1770 1640 1838 quasi
1676 1769 1745 1822 ad
1781 1769 2120 1837 colloquium,

256 1842 351 1896 sed
386 1858 571 1894 revera
608 1840 677 1893 ad
716 1841 1113 1909 explorandum.
1187 1841 1231 1892 E
1270 1840 1461 1909 quibus
1498 1858 1635 1892 unus
1666 1840 1957 1892 calliditate
1989 1857 2122 1908 eque

254 1931 318 1967 ac
361 1913 643 1967 velocitate
691 1929 912 1980 persepe
958 1911 1213 1979 probatus
1257 1912 1475 1980 propius
1520 1912 1748 1963 accessit
1792 1910 2121 1978 signiferam-

255 2002 358 2054 que
396 1985 654 2047 lanceam,
701 2002 806 2052 qua
843 1981 1157 2036 beneficium
1195 1981 1347 2035 ducis
1384 2000 1559 2035 comes
1597 1981 1736 2034 idem
1775 1987 2054 2049 acceperat
2090 1999 2122 2033 a

252 2073 396 2124 rege,
443 2073 622 2109 coram
659 2055 887 2108 tentorio
927 2054 1041 2107 eius
1079 2052 1297 2106 affixam
1343 2053 1592 2106 elevando
1635 2053 2010 2121 circumspexit
2053 2052 2123 2104 ad

253 2127 605 2195 ultimumque
642 2144 764 2179 cum
801 2144 865 2178 ea
903 2125 1085 2179 urbem
1124 2142 1359 2187 securuS,
1409 2125 1615 2177 cunctis
1653 2125 1921 2176 incassum
1959 2132 2123 2191 ponec

253 2198 618 2267 sequentibuS,
679 2198 913 2250 intravit.
1010 2197 1071 2248 In
1119 2196 1252 2249 urbe
1297 2213 1422 2248 mox
1471 2196 1725 2248 exultatio
1776 2212 1967 2262 magna
2012 2195 2122 2247 *ex-

252 2271 482 2336 tollitur,
528 2273 688 2339 porta
724 2269 1015 2333 clauditur,
1064 2285 1237 2321 comes
1282 2269 1436 2335 quasi
1479 2266 1676 2319 honore
1722 2267 1960 2333 privatus
2003 2266 2123 2317 irri-

255 2342 424 2396 detur.
501 2341 603 2404 Qui
642 2340 865 2394 eandem
901 2340 1073 2409 primo
1114 2338 1360 2392 dulcibus
1398 2339 1674 2406 promissis
1711 2337 1912 2389 frustra
1955 2342 2122 2405 temp-

252 2418 373 2467 tans
403 2414 657 2480 recipere,
698 2411 792 2464 sed
822 2412 928 2463 illis
958 2410 1273 2478 negantibus
1303 2410 1584 2473 redditum,
1625 2409 1794 2461 tristis
1827 2408 1975 2472 abiit,
2013 2412 2122 2460 tam

253 2502 451 2538 vacuus
489 2502 522 2536 a
559 2482 814 2536 beneficio
854 2500 1012 2551 quam
1053 2500 1085 2533 a
1122 2482 1343 2534 militari
1380 2482 1546 2548 signo.

396 2555 528 2626 (14.)
586 2556 756 2607 Fuere
793 2555 848 2606 in
879 2554 986 2605 alia
1017 2553 1231 2605 civitate
1261 2552 1631 2607 munitissima.
1671 2549 1895 2602 Brizach
1927 2548 2071 2601 dicta
2083 2547 2119 2610 2,

255 2627 490 2696 episcopi
536 2626 662 2690 du0,
711 2623 1146 2694 Argentinensis3
1191 2629 1244 2676 et
1288 2622 1654 2686 Basiliensis4,
1700 2620 1771 2673 ad
1815 2620 2121 2687 presidium,

255 2715 481 2767 quorum
514 2698 710 2750 milites
740 2695 956 2750 cottidie
989 2694 1056 2748 ob
1079 2694 1405 2764 acquirenda
1432 2710 1685 2762 equorum
1711 2691 1907 2760 pabula
1930 2692 2124 2744 armati

256 2770 399 2822 exire
446 2769 705 2822 solebant.
794 2767 947 2832 Quod
992 2767 1150 2819 amici
1202 2766 1351 2818 ducis
1404 2769 1558 2818 caute
1612 2762 2010 2817 considerantes
2062 2778 2122 2815 eo

255 2847 506 2910 tempore,
546 2857 651 2908 quo
690 2839 767 2892 hii
803 2838 1078 2908 paululum
1117 2842 1498 2905 precesserant,
1545 2835 1703 2888 simili
1739 2833 1926 2886 habitu
1963 2833 2123 2885 sarci-

253 2914 502 2979 natisque
540 2912 691 2977 equis
729 2910 798 2964 ad
836 2910 1021 2963 urbem
1059 2913 1335 2961 cantantes
1380 2911 1604 2975 pergunt
1649 2911 1700 2958 et
1742 2922 1837 2974 pro
1883 2905 2042 2956 sociis
2091 2920 2123 2956 a

256 2982 566 3036 custodibus
611 2983 1052 3034 intromittuntur.
1145 2979 1403 3032 Proiectis
1455 2979 1575 3030 ilico
1630 2976 1878 3029 oneribus
1930 2991 2123 3042 magna

255 3072 380 3108 voce
432 3071 487 3107 se
532 3054 710 3106 hostes
764 3052 1108 3106 manifestant
1160 3051 1520 3119 episcopisque
1565 3049 1651 3100 vix
1702 3046 1895 3114 elapsis
1947 3046 2124 3098 omnia

257 3126 532 3194 diripiunt.

258 3281 293 3323 a)
316 3283 471 3321 mogont.
496 3281 538 3312 A.
557 3282 607 3320 S„
630 3282 789 3319 mogunt.
814 3280 847 3311 2.
933 3279 972 3319 b)
995 3278 1217 3319 Aquisgrani
1241 3279 1273 3310 2.
1362 3276 1395 3316 c)
1415 3284 1507 3315 pene
1530 3277 1550 3306 2
1573 3275 1725 3315 saepius.

260 3394 301 3447 1)
335 3395 572 3439 Gerar-dus
600 3396 632 3438 I
634 3427 656 3445 .‚
694 3393 958 3438 Everhardz·
994 3394 1200 3437 Alsatiae
1238 3391 1411 3436 comitis
1441 3390 1585 3445 filius,
1622 3389 1701 3444 qui
1735 3389 1930 3432 duaeerat
1958 3387 2123 3440 Evam,

256 3452 398 3507 filiam
422 3451 647 3506 Sififridi,
671 3452 843 3495 comitis
866 3449 1263 3504 Luciliburyensis,
1287 3446 1574 3501 Cuneyundz's
1597 3445 1893 3500 imperatricis
1916 3456 2124 3488 sororem.

258 3511 313 3553 L.
373 3507 500 3563 Conf.
531 3506 727 3552 ‘Jahrb.’
759 3509 802 3560 Ι,
840 3507 938 3551 535.
1076 3509 1120 3556 2)
1167 3503 1490 3550 Alt-Breisach
1528 3504 1576 3546 in
1617 3502 1776 3546 dextra
1817 3501 1967 3545 Rheni
2004 3500 2122 3554 ripa.

258 3567 301 3618 3)
348 3566 642 3618 Wernheru85
675 3565 731 3618 ef.
755 3577 898 3619 supra
923 3577 957 3606 c.
978 3564 1043 3606 12.
1124 3563 1168 3614 4)
1201 3562 1427 3605 Adalbero
1444 3561 1539 3613 II.,·
1572 3558 1629 3613 cf.
1652 3558 1795 3602 Gams
1817 3558 1964 3602 Series
1988 3558 2124 3612 episc.
