2456 4036
361 227 443 271 112
879 225 1216 269 THIETMARI
1247 221 1465 267 CHRON.
1525 221 1640 266 LIB.
1669 222 1722 266 V.

202 362 333 408 1002.
366 352 588 405 collecto
635 352 871 404 exercitu
917 367 1124 402 omnem
1163 348 1388 401 Geronis
1435 346 1739 400 marcham²
1785 349 2031 402 comitisl
2075 350 2239 404 *citra
2262 367 2340 408 *a

360 422 535 475 Albim
574 423 833 477 iacentem
872 419 1168 487 deindeque
1204 419 1480 487 premissis
1516 417 1794 472 obsidibus
1836 419 2078 472 Budusin
2116 422 2240 474 civi-

361 492 563 547 tatem2
610 510 727 544 cum
774 490 1017 543 omnibus
1073 489 1487 558 appertinenciis
1550 489 2001 559 comprehendens
2060 492 2243 544 statim

363 564 644 619 Strielamb
690 560 909 614 urbem3
966 562 1180 624 invasit,
1244 560 1537 613 Misnenses
1589 560 1846 628 *pecunia
1905 579 2244 630 corrumpere
2266 579 2377 622 *soa
2455 569 2456 574 ’

363 636 499 689 clam
535 638 819 701 temptans,
897 631 1000 694 Qui
1042 633 1189 684 novis
1229 649 1437 697 semper
1466 631 1757 699 gaudentes
1793 633 1849 685 in
1879 650 1988 686 una
2019 633 2241 699 dierum,

364 724 482 759 cum
520 703 742 772 presidii
779 703 1069 756 maximam
1106 703 1532 756 multitudinem⁰
1572 703 1639 756 ob
1669 704 2050 772 acquirendam
2081 721 2243 774 equo—

362 795 482 830 rum
519 791 784 827 annonam
824 775 996 828 exisse
1035 775 1385 844 conperirent,
1425 779 1651 841 portam,
1692 793 1829 843 quae
1869 777 2126 830 orientem
2161 794 2244 829 re-

364 848 541 916 spicit,
594 846 650 897 in
696 863 759 898 ea
803 852 981 914 parte,
1028 863 1135 914 qua
1180 845 1439 899 satellites
1484 845 1734 899 habitant
1771 845 1901 900 dicti
1940 847 2245 901 Sclavonice

363 917 694 980 Vethenici4,
729 916 1267 986 Cukesburgiensesd,
1301 917 1598 970 Guncelino
1629 917 1699 970 ad
1729 917 1831 971 hoc
1870 918 2003 972 duce
2032 919 2246 972 irruunt

364 991 835 1057 Bececonemque⁹‚
853 988 1169 1042 Herimanni
1197 989 1407 1042 comitis
1431 988 1729 1054 satellitem,
1753 989 1924 1058 primo
1945 989 2247 1044 occidentes

361 1061 434 1114 ad
471 1061 793 1113 caminatam
831 1060 1070 1114 eiusdem
1109 1078 1291 1113 omnes
1329 1061 1524 1113 armati
1562 1062 1905 1126 conveniunt,
1953 1062 2245 1115 fenestram

362 1132 630 1202 lapidibus
686 1133 1001 1201 impugnant
1052 1131 1370 1201 grandibuS‚
1433 1131 1704 1185 dominum
1757 1132 1958 1198 urbis-¹⁵,
2020 1133 2246 1186 Ozerum

363 1203 597 1268 nomine,
645 1203 750 1256 sibi
787 1204 858 1256 ad
896 1203 1246 1257 occidendum
1289 1203 1443 1257 reddi
1479 1203 1847 1258 vociferantes.
1930 1204 2032 1258 Sed
2070 1204 2247 1258 Thiet-

364 1293 545 1329 marus
583 1275 737 1328 miles
782 1293 846 1328 ex
892 1276 1124 1329 cubiculi
1169 1276 1286 1328 sola
1329 1275 1654 1328 municione:
1709 1275 1902 1339 ‘Quare
1947 1276 2065 1336 sic,'
2113 1275 2245 1340 infit,

363 1347 614 1416 ‘agitis‘?²¹‘
670 1348 789 1415 quis
833 1347 985 1401 furor
1022 1365 1115 1400 vos
1159 1348 1237 1400 ita
1281 1346 1514 1411 seduxit,
1569 1352 1630 1400 ut
1676 1346 1830 1400 obliti
1880 1346 2247 1401 benificiorum

361 1419 575 1472 comitis
619 1418 921 1471 Ekkihardi
978 1423 1407 1488 spontaneaeque
1458 1418 1788 1472 invitationis
1847 1419 1924 1472 sic
1966 1420 2248 1488 assurgitis

363 1492 421 1543 in
464 1491 755 1560 perniciem
799 1489 931 1543 filii?
1014 1490 1071 1544 Si
1117 1508 1335 1543 causam
1380 1490 1519 1543 tanti
1563 1489 1820 1543 facinoris
1868 1491 1987 1544 seuf
2036 1490 2247 1559 publice

363 1580 459 1616 seu
497 1562 635 1616 clam
674 1563 924 1630 cuiquam
963 1567 1205 1615 nostrum
1234 1562 1395 1615 vultis
1433 1562 1656 1630 aperire,
1695 1562 1967 1615 commissi
2002 1561 2249 1616 emenda-

362 1635 574 1688 cionem
605 1633 754 1686 vobis
796 1634 1166 1703 complacitam
1204 1633 1477 1702 futurique
1507 1633 1717 1686 timoris
1748 1634 2023 1687 vestrimet
2053 1634 2249 1687 securi-

363 1711 532 1759 tatem
573 1723 637 1758 ex
674 1706 779 1758 mei
817 1706 1043 1759 senioris
1080 1710 1489 1774 nostrorumque
1530 1706 1767 1758 omnium
1814 1710 1967 1773 parte
2010 1703 2248 1770 firmiter,

363 1778 827 1847 qualitercumque
879 1777 1062 1846 vultiS,
1121 1779 1394 1845 promittO.
1488 1776 1645 1830 Hunc
1696 1794 1854 1845 quem
1912 1778 1966 1830 in
2024 1781 2252 1830 mortem
2386 1819 2387 1822 η

367 1849 516 1902 vobis
553 1849 670 1903 dari
699 1850 1046 1903 inclementer
1077 1849 1378 1917 exposcitis,
1409 1848 1566 1902 nobis
1595 1847 1923 1902 viventibus&
1953 1847 2086 1902 *non
2115 1848 2251 1902 acci·
2275 1864 2379 1906 *foi

363 1922 512 1989 pitiS.
596 1921 762 1974 Pauci
810 1938 1016 1989 sumus;
1076 1927 1171 1974 aut
1219 1921 1570 1974 communiter
1617 1921 1753 1973 mori
1809 1927 1905 1973 aut
1961 1920 2251 1974 incolumes
2384 1924 2387 1930 “

369 1992 502 2046 urbe
539 1991 640 2046 hac
679 2010 774 2046 nos
814 1994 956 2046 exire
993 2009 1091 2062 pro
1130 1997 1276 2046 certo
1314 1992 1531 2047 sciatiS.'
1607 1992 1753 2045 Tunc
1789 1992 1870 2045 illi
1906 1991 2108 2046 auditis
2143 2009 2252 2046 ser-

370 2064 615 2118 monibus
673 2063 758 2117 his
810 2065 1216 2133 colloquunturh
1272 2063 1610 2133 abeundique
1661 2064 1941 2117 licenciam
1986 2063 2091 2116 hiis
2135 2080 2254 2133 pre-

363 2141 574 2190 stantes
607 2135 797 2189 ducem
830 2136 1153 2189 Bolizlavum
1185 2153 1280 2203 per
1309 2136 1674 2189 internuncios
1711 2136 1942 2189 invitant
1978 2136 2253 2204 portisque

460 2266 503 2321 *)
534 2265 623 2311 Cur
651 2266 699 2310 in
728 2267 908 2309 tantum
938 2265 1081 2310 scelus
1111 2266 1189 2310 itis
1221 2266 1327 2311 add.
1354 2267 1396 2320 2,
1427 2267 1484 2310 A.
1509 2266 1556 2310 S.

370 2364 411 2406 va)
447 2365 649 2398 marchiam
683 2367 720 2399 V.
853 2364 890 2406 b)
928 2365 941 2396 i
975 2374 1110 2397 erasum
1144 2367 1176 2398 1.
1310 2365 1344 2407 c)
1381 2364 1622 2397 multudinem
1655 2366 1689 2397 1.
1818 2364 1856 2406 d)
1893 2364 2182 2405 cukesburgiens
2221 2365 2254 2397 1.

373 2409 409 2449 e)
430 2410 742 2449 beccceonemque
764 2410 802 2447 13
825 2409 1112 2448 Becclonemque
1135 2409 1177 2441 A.
1196 2409 1252 2449 S.;
1276 2410 1324 2449 cf.
1348 2410 1369 2442 1
1378 2409 1412 2448 V,
1434 2409 1456 2440 2
1480 2409 1631 2440 Bezeco.
1719 2406 1750 2449 1)
1782 2409 1831 2439 ita
1857 2407 1899 2448 V3
1924 2416 1964 2439 se
1986 2408 2031 2440 A.
2127 2408 2164 2448 g)
2197 2405 2256 2440 de-

367 2453 544 2493 gentibus
568 2452 610 2494 A,
634 2452 823 2485 correxisse
847 2453 878 2483 T
897 2450 1034 2484 videtur
1057 2452 1232 2491 quamdiu
1255 2460 1495 2492 supersumus
1517 2452 1550 2491 2,
1573 2451 1615 2483 A.
1635 2451 1671 2483 S.
1759 2449 1800 2492 h)
1825 2451 2060 2491 colloquatur
2081 2451 2113 2482 1.

379 2553 420 2608 1)
452 2554 569 2598 Fuit
598 2555 848 2600 Thietmari
873 2554 1162 2605 marchionis,
1191 2553 1273 2608 qui
1300 2567 1402 2598 cum
1424 2552 1576 2608 fratre
1605 2565 1688 2597 suo
1720 2551 1892 2596 Geron-e
1922 2551 2257 2607 archiepiscopo

379 2611 633 2656 Coloniensi
659 2612 982 2657 monasterium
1013 2611 1358 2666 Nienburyense
1378 2609 1665 2666 fundaverat
1686 2615 1728 2655 et
1750 2623 1793 2654 a.
1817 2609 1902 2654 978
1923 2614 2128 2653 mortuus
2150 2614 2258 2654 erat.

374 2669 472 2712 Pro
504 2669 679 2714 Gerone
711 2675 818 2714 tunc
843 2682 987 2724 puero
1019 2669 1154 2712 Hodo
1183 2681 1329 2712 comes
1357 2681 1500 2724 usque
1531 2668 1593 2712 ad
1624 2682 1666 2712 a.
1698 2669 1797 2720 993,
1827 2680 1914 2722 quo
1946 2671 2149 2711 mortuus
2179 2669 2257 2716 est,

378 2726 629 2772 marchiam
659 2728 799 2781 illius,
829 2727 923 2772 scil.
956 2726 1228 2771 Orientalem
1256 2726 1374 2770 inter
1401 2726 1558 2770 Salam
1588 2731 1630 2770 et
1658 2724 1809 2769 Albim
1845 2725 1895 2768 in
1924 2723 2263 2780 septentrionali

366 2836 370 2839 ,
372 2789 510 2839 parte
551 2785 819 2829 Misniensis
865 2785 1023 2838 sitam,
1076 2783 1424 2828 administrasse
1461 2782 1656 2836 videtur,
1704 2783 1784 2839 qui
1831 2781 1941 2836 fines
1990 2781 2088 2826 eius
2132 2781 2259 2836 lonqe

383 2841 445 2885 ad
487 2843 700 2887 orientem
737 2842 954 2897 protulit3
1014 2841 1074 2895 cf'.
1119 2841 1217 2891 IV,
1263 2842 1332 2886 60.
1499 2840 1542 2891 2)
1593 2841 1819 2885 Bauteen.
1983 2838 2028 2893 3)
2081 2837 2261 2882 Strehla

383 2900 598 2954 oppidum
638 2901 687 2943 in
729 2899 918 2944 sinistra
957 2899 1065 2954 ripa
1106 2898 1236 2942 Albis
1275 2897 1403 2953 infra
1445 2897 1627 2942 Riesam
1668 2898 1817 2942 situm.
1932 2895 1977 2950 4)
2035 2895 2260 2940 Vocabulo

384 2954 577 3001 Wodnik
619 2958 747 3012 apud
786 2957 982 3000 Polonos
1023 2956 1318 3000 castellanum
1353 2955 1509 2999 notari
1541 2953 1779 3010 Lappenb.
1819 2954 1954 3005 dixit,
1992 2967 2085 3009 qua
2122 2953 2176 2997 de
2211 2964 2261 2995 re

385 3027 463 3069 eqo
492 3015 606 3060 mnu
634 3015 910 3071 investiyare
942 3013 1086 3069 potui.
1156 3011 1479 3056 Prze-wodnik
1502 3013 1618 3067 pol„
1660 3010 1837 3055 wednik
1873 3011 2019 3055 sorab.
2056 3015 2123 3055 est
2158 3007 2260 3074 dux,

381 3070 623 3124 Anfiihrer,
654 3071 943 3129 Wegweiser‚
981 3083 1098 3127 quae
1125 3071 1247 3114 vocis
1276 3070 1548 3126 siqniflcatio
1577 3069 1682 3114 huic
1710 3070 1804 3113 loco
1827 3081 1998 3124 parum
2030 3079 2262 3112 convenire

377 3129 572 3174 videtur.
643 3130 890 3175 Praeterea
919 3127 1157 3172 Vethenici
1190 3127 1389 3172 derivari
1409 3131 1557 3183 potest
1586 3131 1668 3170 aut
1698 3141 1727 3170 a
1763 3125 1889 3170 woda
1916 3126 2005 3181 pol.
2033 3141 2090 3160 =
2121 3137 2259 3180 aqua,

385 3191 469 3230 aut
498 3202 527 3231 a
557 3185 724 3240 widac',
755 3182 937 3230 widziec'
966 3202 1024 3221 =
1052 3185 1216 3228 videre.
1274 3185 1423 3240 Atque
1452 3183 1655 3239 equidem
1685 3197 1736 3228 eo
1764 3183 1940 3227 nomine
1962 3182 2136 3226 incolas
2158 3181 2261 3226 sub-

384 3244 507 3287 urbii
543 3245 607 3290 ad
642 3245 810 3299 fiumen
847 3244 926 3288 siti
963 3241 1058 3297 (der
1087 3239 1484 3294 Wasservorstadt)
1521 3240 1778 3297 siqnificari
1811 3240 2071 3291 censuerim,
2113 3237 2260 3284 Thiet-

386 3315 543 3346 marus
581 3308 731 3347 autem
769 3302 956 3346 alteram
986 3300 1252 3344 sententiam
1288 3299 1417 3356 sequi
1443 3299 1640 3352 videtur,
1679 3297 1899 3354 siquidem
1936 3298 2263 3352 interpretatur

378 3357 803 3416 Oukesburgienses.
849 3358 927 3403 Aa
947 3357 1356 3412 interpretationem
1379 3356 1497 3400 enim
1525 3356 1648 3400 vocis
1672 3355 1939 3400 Slavonicae
1960 3355 2044 3399 hoc
2065 3357 2263 3409 spectare

395 3416 602 3472 Ursinus,
633 3417 710 3462 cui
738 3416 912 3461 Hirsch
939 3415 963 3467 (
963 3414 1021 3460 ‘J
1018 3415 1161 3460 ahrb!
1193 3415 1236 3468 I,
1267 3414 1372 3466 206)
1409 3413 1670 3464 assentitur,
1701 3417 1816 3457 recte
1847 3412 2062 3468 coynovit.
2133 3410 2264 3463 Quod

388 3478 538 3518 autem
588 3474 824 3531 Lappenb.
878 3472 1178 3517 Guncelinum
1237 3485 1267 3515 a
1318 3471 1590 3528 burywardo
1642 3469 1943 3524 Giuskesbury
1994 3469 2043 3512 in
2095 3466 2265 3512 chartis

385 3529 601 3586 (Stumpf
639 3533 747 3576 1001
790 3537 831 3576 et
870 3531 1002 3583 1565)
1046 3533 1380 3574 commemorato
1423 3527 1850 3583 Oukesburqiensem
1887 3526 1981 3572 dici
2015 3526 2266 3570 arbitratus

386 3593 469 3641 vest,
501 3601 578 3644 eqo
607 3589 731 3633 nullo
761 3588 890 3633 modo
914 3588 1111 3644 probare
1135 3599 1336 3643 possum.
1435 3586 1478 3639 ὃ)
1510 3585 1853 3642 Buryyravium
1877 3583 2171 3629 Misniensem
2206 3581 2264 3626 L.
