2456 4036
219 373 344 418 1003.

218 515 343 560 1017.

255 1091 344 1122 Dec.

375 237 459 282 234
780 235 1116 280 THIETMARI
1144 233 1362 280 CHRON.
1421 234 1534 279 LIB.
1565 234 1679 279 VIII
1709 235 1847 289 (VII).

374 363 435 416 *a
494 381 619 430 rege
671 363 924 415 Heinrico
985 362 1242 414 successit
1298 364 1621 413 antecessori
1681 377 1775 414 suo
1827 361 2095 427 Nonnoni,
2157 363 2288 430 qui*

375 434 667 487 Othilulfus
705 433 986 485 dicebatur
1002 432 1036 486 ¹.

517 501 815 577 [Obierunt]
854 505 909 555 in
947 503 1050 555 hoc
1088 520 1228 555 anno
1259 502 1527 555 antistites
1557 503 1759 570 preclui
1791 501 2136 575 [Amulric³·2
2166 503 2247 576 ac]

372 577 413 629 F
417 576 705 629 ermundus
751 580 804 627 et
853 574 1130 627 Becelinus
1183 578 1236 626 et
1285 591 1485 641 paucas
1530 574 1719 626 sedens
1765 575 2090 628 ebdomadas
2136 577 2248 629 Alt-

374 664 618 701 mannus,
712 645 814 697 Hic
861 646 1153 698 monachus
1201 645 1307 698 fuit
1353 645 1526 698 sancti
1577 646 1832 699 Iohannis
1880 647 2148 716 baptistae
2194 648 2249 699 in

372 717 738 786 Magadaburg
790 715 1020 785 indeque
1069 716 1137 770 ab
1185 715 1607 769 Haethelheidab
1653 716 1951 784 abbatissa,
1998 735 2059 771 eo
2105 719 2250 787 quod

372 790 438 841 de
475 806 573 841 sua
609 795 751 841 esset
798 787 1027 853 familia,
1073 787 1300 840 Arnulfo
1342 789 1484 856 regis
1521 805 1774 856 germano
1813 795 1865 842 et
1899 808 2042 843 nunc
2077 790 2252 844 archi-

373 861 619 929 episcopo
650 859 973 912 Ravennatis
1010 859 1301 912 aecclesiae
1337 859 1406 912 ad
1444 861 1722 912 servitium
1753 860 1837 914 ab·
1863 879 1926 914 ea
1955 861 2113 914 datus
2143 870 2247 927 est3

372 950 404 984 a
437 948 541 1000 quo
562 936 752 999 postea
783 936 1140 996 consecratus,
1172 948 1206 983 a
1236 931 1348 984 suis
1380 929 1714 1004 [tocxicata]0
1742 934 1958 1001 potione
1989 933 2132 986 lesus
2156 940 2250 988 est.

516 1005 599 1057 68.
641 1002 771 1073 (50.)
809 1001 870 1054 In
908 1020 1029 1055 mea
1066 1002 1339 1055 vicinitate
1371 1008 1425 1055 et
1455 1004 1510 1055 in
1544 1003 1738 1071 oppido
1770 1004 2043 1057 Silivellun
2073 1004 2251 1058 dicto3

369 1074 687 1127 miraculum
718 1073 985 1142 quoddam
1017 1073 1215 1127 accidit
1243 1075 1298 1126 in
1329 1073 1564 1127 secunda
1596 1075 1904 1128 Decembris
1935 1075 2246 1129 ebdomada.

369 1146 494 1198 Fuit
528 1145 604 1198 ibi
642 1144 871 1212 quedam
910 1145 1119 1215 mulier,
1159 1163 1313 1215 quae,
1351 1163 1473 1199 cum
1510 1146 1680 1199 virum
1725 1147 1919 1200 suimet
1964 1147 2108 1200 domi
2144 1166 2248 1200 non

370 1217 609 1283 haberet,
649 1234 810 1284 super
848 1235 904 1270 se
942 1223 995 1270 et
1024 1234 1185 1285 super
1221 1217 1361 1270 filios
1391 1217 1689 1285 hospicium
1721 1217 2040 1272 obserabatd
2077 1237 2247 1285 suum,

371 1296 424 1341 et
475 1306 597 1342 ecce
648 1295 772 1342 ante
825 1288 1151 1357 gallicinium
1205 1289 1409 1342 sonitus
1459 1290 1529 1341 ab
1583 1307 1647 1342 ea
1690 1290 1962 1343 inmensus
2014 1290 2248 1345 auditur.

372 1361 519 1414 Haec
581 1359 782 1413 talibus
843 1360 1213 1430 obstupefacta
1277 1361 1482 1414 vicinos
1539 1362 1769 1415 clamore
1824 1363 2076 1415 continuo
2133 1381 2250 1416 evo-

372 1441 530 1485 canse
597 1432 973 1485 necessitatem
1048 1450 1198 1485 suam
1275 1431 1494 1486 indicat.
1603 1434 1702 1498 Qui
1777 1434 2013 1486 volentes
2078 1434 2250 1487 eidem

372 1503 702 1557 suc*currere
749 1503 937 1556 crebra
985 1503 1280 1557 iactacione
1324 1504 1668 1572 repelluntur.
1753 1505 1989 1558 Tandem
2032 1506 2250 1559 ianuam

370 1576 677 1644 frangentes
715 1575 1014 1644 gladiisque
1057 1577 1316 1629 intrantes
1353 1576 1662 1644 evaginatis,
1703 1576 1832 1645 quid
1861 1577 2251 1631 matrifamilias

369 1647 450 1699 vel
496 1648 626 1716 ipsis
670 1649 883 1699 tantum
929 1646 1291 1712 rebellaverit,
1343 1647 1628 1716 diligenter
1672 1649 1974 1717 inquirunt;
2021 1654 2075 1702 et
2123 1650 2251 1718 quia

371 1727 667 1772 monstrum
707 1725 846 1783 erat,
895 1717 1103 1771 hostem
1140 1737 1246 1772 non
1284 1720 1614 1772 invenientes
1651 1721 1853 1787 egressi
1890 1725 2016 1773 sunt
2050 1722 2249 1774 tristes·

370 1791 564 1844 Mulier
601 1796 781 1844 autem
817 1790 1060 1859 predicta
1106 1790 1247 1843 diem
1292 1797 1610 1859 exspectans
1656 1792 1966 1857 sollicitum,
2013 1794 2249 1846 crastino

370 1863 669 1931 proximum
716 1863 996 1915 accersivit
1036 1862 1412 1931 presbiterum3
1462 1863 1555 1932 qui
1600 1880 1810 1916 omnem
1855 1863 1992 1916 hanc
2035 1864 2249 1917 domum

368 1934 611 2003 reliquiis
649 1939 957 1987 sanctorum
996 1943 1048 1987 et
1079 1952 1224 2002 aqua
1253 1935 1505 1987 lustravit
1535 1934 1832 1989 benedicta.
1888 1936 1949 1988 In
1987 1937 2254 2006 sequentif

368 2024 490 2059 vero
529 2012 682 2059 nocte
721 2023 909 2073 parum
959 2005 1024 2058 de
1063 2005 1374 2075 supradicto
1421 2011 1625 2060 terrore
1670 2007 2001 2061 concutiturg
2047 2013 2100 2061 et
2137 2008 2250 2061 Deo

369 2079 594 2146 gratias!
635 2078 822 2130 crebra
861 2077 1144 2145 presbiteri
1180 2079 1488 2132 visitatione
1525 2078 1800 2134 liberatur.

511 2153 596 2205 69.
636 2150 763 2203 Tale
787 2149 1008 2218 aliquid,
1034 2149 1355 2218 ubicumque
1379 2151 1566 2215 evenit,
1597 2168 1789 2204 novum
1813 2151 2018 2220 aliquid
2042 2157 2249 2220 preten-

367 2220 463 2275 dit.
540 2221 915 2290 Unusquisque
951 2220 1195 2274 fidelium
1241 2239 1348 2274 non
1394 2221 1496 2274 sibi
1539 2223 1727 2276 timeat
1769 2229 2028 2276 terrorem
2072 2223 2246 2289 illum;

370 2310 425 2344 se
481 2299 818 2360 peccatorem
871 2311 936 2346 ex
982 2293 1138 2345 corde
1183 2299 1468 2362 cognoscat
1518 2299 1574 2347 et
1618 2295 1769 2362 signo
1817 2302 2031 2348 sanctae
2077 2296 2249 2348 crucis

368 2365 565 2432 iugiter
611 2383 666 2418 se
715 2366 958 2418 muniens
1003 2383 1208 2417 omnem
1257 2365 1620 2418 adversariam
1663 2371 1983 2436 potestat-em
2029 2384 2248 2436 prorsus

368 2437 632 2492 excludat.
719 2436 899 2490 Hostis
966 2437 1209 2489 incautos
1269 2454 1509 2506 quosque
1570 2439 1646 2490 sic
1704 2437 1903 2491 inludit
1968 2445 2022 2492 et
2079 2440 2134 2492 in
2190 2456 2247 2492 se

367 2508 572 2576 aliquid
623 2509 898 2562 credentes
947 2508 1016 2561 ad
1067 2508 1312 2561 ultimum
1363 2508 1574 2577 decipit.
1658 2508 1762 2563 Ubi
1806 2509 2076 2564 desolacio
2119 2515 2247 2564 tunc

368 2586 450 2633 est
486 2586 580 2634 aut
615 2581 826 2634 facinus
864 2580 1309 2634 subsecuturumh
1347 2586 1429 2634 est
1474 2581 1554 2634 vel
1601 2581 1784 2650 aliqua
1819 2582 2075 2648 mutacio,
2120 2582 2247 2637 talis

367 2653 469 2705 reii
513 2652 754 2722 precedit
799 2651 1053 2724 [indicioJ.
1149 2651 1289 2714 Quia
1332 2651 1487 2705 nobis
1531 2652 1790 2706 adherere
1838 2654 1952 2707 Deo
1999 2658 2052 2707 et
2099 2671 2246 2723 spem

367 2729 605 2777 nostram
657 2742 854 2793 ponere
908 2725 960 2776 in
1017 2741 1079 2776 eo
1132 2723 1331 2777 bonum
1385 2729 1487 2789 est,
1540 2741 1958 2795 preoccupemus
2007 2733 2248 2779 sanctam

367 2795 559 2849 faciem
585 2797 700 2849 eius
725 2796 959 2849 assiduis
981 2795 1247 2865 precibuS,
1273 2802 1350 2862 ut,
1373 2797 1483 2848 sive
1509 2796 1712 2864 aliquid
1736 2797 1888 2849 nobis
1910 2798 2249 2867 presignetur

367 2868 475 2921 sive
535 2868 792 2932 celeturk‚
854 2867 943 2920 del
1001 2867 1500 2921 misericordissima
1565 2871 1764 2936 pietate
1824 2886 1922 2922 sua
1979 2870 2035 2922 in
2094 2869 2249 2922 nobis

365 2939 736 3008 peccatoribus
775 2939 875 2991 hoc
906 2940 1255 3009 compleatur.
1331 2939 1449 2992 Non
1481 2945 1562 2992 est
1591 2940 1981 3006 admirandum,
2022 2940 2163 3009 quod
2194 2942 2249 2993 in

366 3011 468 3064 hiis
514 3011 757 3079 partibus
801 3012 909 3064 tale
955 3011 1277 3064 osten*tatur
1319 3011 1642 3081 prodigium.
1733 3011 1870 3065 Nam
1914 3012 2248 3066 habitatores

366 3083 444 3135 illi
502 3101 627 3136 raro
686 3084 752 3136 ad
813 3083 1128 3136 aecclesiam
1187 3084 1457 3136 venientes
1526 3083 1591 3136 de
1661 3101 1882 3137 suorum
1942 3084 2248 3138 visitatione

365 3197 400 3236 a)
436 3198 631 3230 amalricus
662 3207 750 3230 corr.
785 3199 820 3230 V.
930 3197 969 3238 b)
1006 3198 1109 3229 hath.
1141 3198 1299 3230 radendo
1329 3200 1414 3239 αἶρε,
1445 3208 1534 3230 corr.
1570 3201 1599 3230 l.
1710 3197 1744 3240 c)
1783 3198 1868 3231 add.
1896 3200 1928 3231 T
1956 3200 1993 3232 in
2025 3201 2098 3231 loco
2126 3208 2246 3231 υασυο.

367 3241 403 3272 d)
440 3242 629 3273 obserebat
658 3244 688 3275 1.
809 3241 843 3282 6)
879 3241 1052 3273 invocans
1088 3241 1124 3273 C.
1238 3242 1267 3282 f)
1306 3244 1481 3281 sequente
1518 3242 1554 3273 C.
1672 3242 1709 3282 g)
1747 3243 1904 3274 coutitur
1939 3243 1974 3284 Ο,
2006 3251 2052 3274 cu
2087 3241 2173 3274 adol.
2205 3243 2246 3274 T.

366 3285 406 3326 h)
428 3289 467 3316 tu
491 3285 576 3317 add.
595 3286 635 3316 Τ.
723 3285 751 3326 i)
773 3286 850 3325 regi
874 3285 911 3317 0.
999 3284 1040 3323 k)
1065 3285 1207 3317 celatur
1229 3287 1259 3317 1.
1349 3285 1376 3326 ι)
1399 3286 1438 3316 in
1463 3286 1497 3325 0,
1522 3294 1613 3317 corr.
1633 3286 1673 3318 T.

367 3373 408 3423 1)
451 3372 540 3424 Qui
561 3377 668 3427 post
695 3371 1004 3417 Guntharium
1035 3370 1078 3425 (†
1101 3373 1205 3424 998,
1236 3385 1276 3416 v.
1299 3372 1431 3425 IIII,
1463 3372 1535 3425 69)
1567 3372 1745 3416 sederat
1774 3385 1915 3427 usque
1946 3372 2008 3416 ad
2039 3386 2082 3416 a.
2114 3372 2224 3416 1003
2235 3384 2246 3422 ς

366 3429 426 3480 ef.
471 3429 683 3483 Erhard,
721 3428 933 3486 ‘Reyesta
962 3430 1178 3474 historiae
1216 3428 1392 3483 Westfss
1432 3430 1473 3472 Ι.
1507 3442 1558 3484 p.
1582 3430 1680 3473 146.
1819 3431 1861 3481 2)
1909 3427 2035 3483 Conf.
2068 3428 2243 3473 Necrol.

366 3487 537 3530 Lemeb.
571 3486 704 3530 Febr.
728 3488 769 3531 5.
828 3490 883 3532 L.
999 3487 1043 3540 3)
1075 3486 1253 3542 salfeld
1281 3486 1377 3531 vico
1403 3500 1546 3541 prope
1568 3486 1874 3531 Fallersleben
1902 3488 2001 3540 sito,
2032 3499 2123 3530 non
2145 3485 2249 3530 urbi

367 3544 635 3643 illim-sebum
671 3544 746 3587 illo
784 3546 978 3601 quidem,
1017 3544 1097 3589 sed
1134 3544 1336 3588 curtibus
1375 3544 1625 3587 Thz'etmari
1673 3544 1881 3588 Walbeek
1919 3550 1960 3589 et
1996 3543 2244 3587 Rottmers-

384 3613 404 3643 e
435 3614 489 3643 en
518 3613 675 3644 memo.

2274 1518 2292 1538 *
2308 1518 2377 1560 fol.

2273 3019 2291 3038 *
2311 3021 2388 3061 sol..
