2456 4036
209 370 334 413 1015.

168 1298 268 1336 Sept.
287 1298 340 1329 13.

366 233 450 277 206
777 230 1114 276 THIETMARI
1145 229 1363 275 CHRON.
1423 229 1539 275 LIB.
1571 230 1682 274 VIII
1713 227 1851 284 (VII).

367 358 577 411 nensisa
613 358 1050 424 archiepiscopus
1104 362 1158 408 et
1196 356 1534 409 Thietmarus
1580 357 1842 422 marchiO,
1895 356 2065 410 frater
2120 357 2251 418 eius,

367 430 585 482 vitricus
631 429 847 491 istius¹‚
894 431 1047 495 pater
1093 431 1272 478 autem
1318 427 1626 495 interempti
1670 428 1902 488 comitiS,
1957 428 2013 479 in
2058 427 2253 480 honore

368 501 466 552 Dei
504 500 777 567 genitricis
817 504 871 550 et
916 497 1090 551 sancti
1127 498 1383 565 martyris
1421 497 1676 567 Cypriani
1726 504 1984 566 regnante
2022 499 2255 551 secundo

366 571 562 624 Ottone
614 569 896 622 abbaciam
935 566 1407 631 construxerunt2‚
1454 587 1576 621 cum
1622 569 1881 622 fratribus
1937 570 2049 622 suis
2087 568 2255 622 Gunt-

365 639 592 694 teriob·3
630 658 694 692 ac
724 637 1038 691 Ekkihardo
1078 639 1382 692 comitatur.
1461 641 1609 704 Quae
1643 640 1785 693 Gero
1822 639 2256 709 archiepiscopus

366 723 493 764 tunc
545 716 724 763 terrae
787 709 1165 763 commendans
1232 709 1483 763 domnam
1536 710 1975 764 Aethelheidamc
2035 712 2255 779 eiusque

367 783 536 835 filium
575 781 945 833 Thietmarum
984 785 1039 832 et
1076 786 1342 834 merentes
1381 782 1584 834 amicos
1623 799 1687 835 ac
1724 782 1923 834 milites
1961 782 2183 834 solatur.

510 853 594 907 23.
640 851 774 922 (15.)
841 851 1092 904 *Interim
1139 869 1327 905 caesar
1371 869 1490 905 cum
1536 854 1647 906 suis
1685 853 1755 905 ad
1793 853 2023 906 Strelam
2069 853 2256 905 urbem
2294 875 2299 880 ·

369 924 629 990 pervenit;
677 929 733 976 et
770 923 1094 975 Miseconem
1133 941 1255 975 cum
1293 925 1529 977 exercitu
1568 924 1823 991 subsequi
1862 925 2057 988 scienS‚
2103 923 2257 977 Heri-

368 1011 621 1047 mannum
653 995 1019 1046 marchionem
1050 994 1120 1046 ad
1144 995 1444 1061 Mysnensis
1475 995 1841 1048 defensionem
1876 995 2109 1048 civitatis
2138 1013 2259 1063 pro-

367 1083 556 1134 perare
595 1065 762 1118 iubet.
837 1066 955 1134 Ipse
995 1083 1118 1118 vero
1157 1066 1228 1118 ad
1259 1065 1574 1135 Merseburg
1608 1074 1755 1119 recto
1791 1066 2020 1119 tetendit
2047 1067 2256 1119 itinere.

367 1138 566 1190 Miseco
610 1142 791 1189 autem
836 1154 869 1188 a
913 1142 1070 1204 patre
1113 1136 1320 1190 nefario
1366 1138 1682 1202 instructuS,
1729 1142 1789 1190 ut
1831 1138 2003 1206 primo
2047 1143 2260 1190 nostros

368 1209 546 1261 abisse
600 1208 799 1260 divisos
851 1208 1162 1277 nullamque
1214 1213 1339 1277 post
1389 1226 1445 1261 se
1497 1209 1799 1262 custodiam
1851 1226 1967 1261 esse
2014 1209 2260 1261 relictam

368 1281 555 1343 sensit,
603 1279 681 1331 Id.
724 1279 1056 1347 Septembris
1104 1279 1283 1332 Albim
1329 1281 1481 1332 iuxta
1526 1280 1712 1333 urbem
1758 1279 2092 1349 predictam4
2140 1297 2260 1331 cum

370 1351 468 1402 VII
507 1349 806 1419 legionibus
844 1351 898 1403 in
937 1352 1059 1418 ipsa
1098 1350 1434 1404 transcendit
1470 1369 1689 1414 aurora,
1737 1351 1998 1419 quosdam
2035 1351 2262 1404 circum-

368 1439 580 1490 quaque
604 1421 838 1474 iacentia
854 1427 1081 1486 vastare,
1106 1422 1245 1474 alios
1261 1439 1386 1475 vero
1412 1422 1598 1475 urbem
1622 1423 1925 1490 precipiens
1948 1424 2261 1491 inpugnare.

369 1494 524 1556 Quod
546 1493 881 1546 Wetennicid
912 1494 1300 1561 conspicientes
1339 1511 1503 1562 seque
1542 1495 1685 1546 tueri
1724 1511 1878 1561 posse
1916 1493 2262 1562 desperantes

369 1565 740 1633 superpositae
779 1565 1014 1617 civitatis
1053 1565 1411 1617 municionem
1449 1564 1653 1618 relictis
1690 1582 1825 1634 pene
1863 1565 2113 1618 omnibus
2151 1566 2262 1617 suis

368 1636 680 1689 ascendunt.
735 1635 815 1688 Ob
838 1635 940 1688 hoc
963 1636 1147 1688 hostes
1172 1635 1490 1688 *admodum
1519 1637 1687 1704 gavisi
1712 1635 2028 1689 suburbium
2059 1637 2264 1689 intrant
2286 1652 2304 1671 *

367 1707 612 1760 relictum
653 1712 707 1759 et
751 1707 850 1759 hoc
896 1706 1093 1759 ablatis
1131 1707 1292 1759 rebus
1330 1708 1558 1760 inventis
1596 1707 1891 1760 incendunt
1928 1713 1982 1760 et
2019 1707 2262 1776 superius

369 1778 650 1832 castellum
705 1779 760 1830 in
817 1778 1029 1830 duobus
1085 1779 1216 1831 locis
1269 1796 1553 1831 accensum
1609 1778 2020 1847 infatigabiliter
2078 1795 2262 1847 aggre-

369 1851 605 1903 diuntur.
688 1848 1043 1902 Hirimannus
1083 1849 1253 1918 [vero]
1294 1867 1472 1903 comes
1511 1849 1696 1902 videns
1734 1851 2088 1903 auxiliatores
2137 1867 2261 1903 suos

368 1921 656 1974 admodum
697 1938 897 1988 paucos
934 1922 1042 1973 iam
1083 1921 1388 1986 defecissee,
1429 1921 1633 1974 Christi
1662 1922 1921 1990 pietatem
1954 1927 2008 1974 et
2038 1922 2154 1974 eius
2184 1921 2264 1973 in-

369 1994 483 2046 cliti
506 1992 759 2061 martyris
784 1993 984 2045 Donati
1007 1993 1447 2046 intercessionem
1476 1999 1721 2046 sanctam
1745 1998 2050 2062 prostratus
2079 1997 2265 2061 postu-

367 2065 487 2116 lans
539 2064 791 2116 mulieres
830 2064 900 2115 ad
938 2064 1358 2116 succurrendum
1414 2065 1677 2119 hortatur.
1768 2065 1916 2128 Quae
1961 2081 2264 2133 propugna-

370 2136 492 2189 cula
529 2136 852 2203 attingentes
901 2134 1172 2203 lapidibus
1209 2135 1351 2188 viros
1396 2136 1678 2200 adiuvant,
1726 2136 1902 2203 ignem
1950 2136 2261 2203 inpositum,

369 2209 496 2276 qnia
534 2206 732 2259 defecit
781 2205 985 2278 [aqua],
1040 2205 1263 2259 medone
1310 2207 1590 2275 extingunt
1642 2211 1696 2259 et
1734 2207 1846 2259 Deo
1884 2207 2111 2275 gratias!
2162 2207 2263 2258 ini-

368 2279 494 2331 mici
538 2278 775 2330 furorem
821 2286 877 2329 et
922 2277 1199 2330 audatiam
1245 2279 1513 2330 minuunt.
1599 2278 1713 2329 Hoc
1749 2284 1921 2330 totum
1960 2278 2159 2330 Miseco
2197 2278 2264 2330 de

370 2358 550 2402 monte
613 2351 766 2401 iuxta
816 2349 993 2417 posito
1046 2366 1266 2401 cernens
1334 2349 1508 2402 socios
1561 2349 1910 2402 adventantes
1969 2354 2262 2418 exspectat.

372 2422 475 2486 Qui
513 2420 903 2488 depopulantes
942 2425 1009 2483 et.
1051 2419 1143 2471 ubi
1181 2420 1320 2488 ignis
1353 2420 1739 2484 inveniebatur,
1780 2421 1960 2473 omnia
1991 2438 2162 2489 usque
2195 2420 2261 2473 ad

368 2493 603 2545 Ganamf
629 2491 887 2544 fluvium-⁵
925 2497 1326 2544 concremantes
1365 2509 1485 2545 sero
1517 2493 1675 2544 lassis
1706 2497 2048 2545 revertuntur
2079 2492 2263 2560 equisg

370 2570 423 2616 et
452 2563 529 2616 ibi
562 2581 682 2615 cum
714 2564 925 2615 seniore
956 2579 1052 2615 suo
1084 2580 1203 2616 cras
1236 2564 1306 2617 ad
1337 2564 1526 2616 urbem
1553 2564 1845 2631 pugnaturi
1865 2568 2262 2632 pernoctarent,

366 2637 422 2687 ni
477 2635 655 2686 Albim
711 2651 952 2687 crescere
1003 2633 1258 2687 viderent.
1357 2635 1579 2702 Propter
1630 2634 1732 2687 hoc
1783 2636 2052 2688 exercitus
2104 2635 2263 2687 nimis

366 2706 694 2774 defatigatus
741 2724 861 2758 cum
912 2707 1201 2758 securitate
1246 2706 1529 2774 inopinata
1571 2707 1831 2758 remeavit
1882 2711 1936 2759 et
1980 2706 2133 2759 ducis
2179 2707 2263 2758 sui

367 2795 460 2830 cor
508 2778 726 2830 anxium
777 2778 876 2829 hac
923 2777 1318 2845 prosperitateh
1364 2778 1635 2831 relevavit.
1711 2778 2015 2846 Imperator
2062 2783 2260 2842 autem,

367 2850 499 2901 haec
530 2854 591 2901 ut
621 2848 842 2913 audivit,
881 2865 1247 2917 quoscumque
1276 2854 1406 2901 tunc
1435 2848 1687 2917 colligere
1717 2850 1909 2917 potuit,
1945 2848 2017 2901 ad
2047 2866 2263 2902 succur-

365 2920 592 2973 rendum
625 2937 721 2972 suo
753 2919 1050 2972 marchioni
1079 2937 1307 2988 propere
1338 2920 1505 2972 mittit
1534 2927 1590 2972 et
1612 2920 1934 2973 suburbium
1967 2937 2075 2973 non
2106 2920 2261 2988 longe

366 2998 487 3059 post
531 2991 900 3059 redintegrare
945 2991 1198 3060 precepit.
1283 2990 1366 3042 Ad
1411 2990 1571 3044 huius
1617 2992 1794 3060 operis
1833 2992 2262 3060 supplementum

366 3125 402 3164 a)
425 3127 474 3157 ita
499 3126 528 3158 0
545 3126 727 3165 scripsisse
750 3126 908 3166 videtur-3
941 3125 1161 3157 coloniensis
1195 3127 1231 3158 V.
1300 3126 1338 3166 b)
1361 3126 1373 3157 i
1395 3127 1565 3158 adrasum
1588 3129 1621 3159 1.
1689 3126 1724 3167 c)
1748 3127 1824 3158 ath.
1842 3126 2000 3159 radendo
2014 3127 2102 3166 αἶρε.
2121 3135 2211 3159 corr.
2228 3129 2260 3158 1.

365 3169 401 3209 d)
425 3177 545 3200 uuene
567 3169 642 3200 uici
665 3171 697 3210 1,
719 3169 922 3207 interposita
946 3170 1035 3200 inter
1060 3176 1079 3199 e
1103 3172 1134 3200 et
1156 3178 1181 3199 n
1205 3170 1320 3200 littera
1343 3170 1496 3209 quadam
1519 3169 1682 3209 dimidia,
1703 3179 1806 3210 quam
1822 3171 1866 3203 A.
1883 3170 1921 3202 S.
1938 3179 2087 3208 prorsus
2102 3170 2262 3211 negzeaeit,

366 3213 480 3252 Lapp.
506 3212 519 3242 i
549 3213 796 3250 interpretatus
827 3213 887 3252 eet,
916 3212 1075 3251 equidem
1098 3214 1113 3243 t
1141 3212 1343 3252 siynzflcare
1365 3212 1592 3254 crediderim3
1629 3213 1822 3245 wenetnici
1843 3215 1957 3244 autem
1977 3222 2043 3253 pro
2065 3213 2262 3245 wetenulci

366 3257 388 3286 i.
405 3264 432 3286 e.
459 3254 668 3287 Wethenici
689 3256 794 3295 lapsu
817 3255 942 3285 calami
959 3256 1115 3294 positum
1139 3264 1212 3287 esee
1235 3255 1322 3286 mihi
1342 3255 1492 3287 videtur.
1595 3254 1629 3294 e)
1653 3255 1832 3287 defesisse
1857 3256 1894 3288 0.
1995 3255 2025 3297 s)
2047 3255 2205 3288 Granum
2228 3257 2261 3296 2,

365 3298 408 3328 A.
427 3297 464 3328 S.
554 3295 592 3338 g)
616 3299 693 3337 eqis
718 3298 754 3338 0,
779 3307 802 3329 u
824 3296 910 3329 add.
931 3298 972 3329 T.
1065 3296 1104 3339 h)
1125 3300 1335 3338 prosperato,
1358 3300 1390 3330 1.

366 3404 407 3456 1)
455 3405 611 3448 Mmer
655 3405 931 3448 Herimanm·
969 3403 1200 3449 Suanhild
1240 3405 1394 3460 priore
1445 3405 1733 3449 matrimonio
1777 3406 2034 3450 Thietmaro
2079 3405 2123 3457 (†
2156 3404 2262 3458 978)

367 3462 521 3504 iuncta
536 3462 709 3515 fuerat.
819 3462 864 3512 2)
891 3460 1018 3515 Conf.
1035 3463 1156 3506 sinn.
1177 3462 1284 3507 Sam.
1299 3468 1339 3506 et
1364 3465 1485 3506 Αηη.
1508 3463 1670 3517 Mayd.
1688 3477 1729 3506 α.
1747 3462 1828 3506 971
1849 3468 1889 3507 et
1905 3464 2002 3508 975.
2119 3461 2164 3515 3)
2187 3463 2260 3507 De

366 3531 451 3571 quo
484 3516 541 3568 cf.
572 3519 663 3569 IX,
696 3520 765 3562 22.
881 3518 925 3571 4)
958 3519 1171 3563 Meissen.
1289 3519 1333 3572 5)
1365 3518 1513 3563 Ialme
1543 3519 1707 3574 rivum,
1737 3520 1818 3575 qui
1838 3533 1981 3575 prope
2013 3519 2197 3564 Riesam
2230 3534 2260 3563 a

366 3575 555 3618 sinistra
584 3580 714 3628 parte
743 3576 789 3619 in
822 3575 973 3619 Albim
1003 3576 1144 3620 eadit.
