2456 4036
63 1396 138 1459 ‘''Q'J
164 1412 236 1444 175.

64 1683 70 1719 Ῑ
102 1680 181 1747 lun.
200 1697 240 1728 T.

169 2553 245 2586 860.

664 273 996 318 THIETMARI
1027 273 1242 319 CHRON.
1301 275 1411 319 LIB.
1443 276 1555 319 VIII
1588 276 1726 329 (VII).
2037 280 2119 324 237

261 398 530 454 studiosus
590 399 645 450 iu
699 398 878 451 divina
928 399 1086 452 laude
1137 402 1355 468 peregit.
1451 401 1551 454 Hic
1610 419 1728 454 cum
1780 420 1835 455 se
1886 404 2121 456 lacrimis

260 469 613 537 assiduaeque
636 470 901 522 oracionis
926 487 989 522 ex
1014 471 1169 523 corde
1195 472 1418 524 contrito
1442 474 1684 538 prolatae
1714 473 1891 526 hostia
1920 491 2122 527 summo

262 539 524 595 sacerdoti
561 540 977 603 reconciliarem
1016 559 1080 594 ex
1117 548 1232 594 arto
1271 544 1507 610 corporis
1547 561 1758 597 carcere
1804 545 2008 598 solutus
2054 545 2122 597 ad

259 612 563 665 libertatem
602 611 848 677 perennis
886 611 1084 679 gloriae
1123 612 1358 679 gaudens
1394 614 1623 670 transiit.

402 683 486 735 73.
527 681 731 734 Prefati
760 698 882 734 vero
914 683 1053 749 regis
1086 700 1275 735 nomen
1305 690 1538 750 potestas
1568 686 1716 752 pacis
1741 686 1936 738 iniuste
1959 686 2122 738 inter-

260 752 559 821 pretatur1;
600 753 726 820 quia
763 770 868 804 non
906 753 1015 819 illa,
1059 770 1218 820 quam
1258 759 1352 805 aut
1387 755 1538 822 impii
1571 757 1794 809 invicem
1824 762 2007 809 tenent
2044 757 2123 809 vel

259 824 592 878 habitatores
623 825 779 876 huius
808 823 994 876 mundi
1022 824 1310 892 possident,
1351 826 1476 892 quia
1507 825 1747 898 [semper]
1778 829 1979 891 nutatb,
2019 844 2124 894 pax

260 913 385 949 vera
422 894 633 959 dicitur,
674 895 768 947 sed
805 894 894 947 ille
934 895 1079 947 solus
1118 914 1180 947 ea
1218 896 1520 961 specialiter
1557 898 1739 964 utitur,
1785 899 1877 967 qui
1915 916 2123 950 omnem

261 967 427 1019 animi
465 967 661 1018 suimet
698 970 899 1019 motum
931 983 1265 1034 componenS,
1304 983 1525 1034 regnum
1560 969 1655 1020 Dei
1682 971 1984 1036 pacienciae
2016 970 2123 1020 vin-

262 1038 429 1091 centis
480 1037 729 1104 angustia
780 1037 981 1089 solacio
1032 1043 1380 1105 promeretur.
1462 1038 1521 1090 In
1573 1039 1790 1092 caelesti
1841 1040 2124 1093 securitate

262 1108 449 1162 sedens
497 1109 778 1177 episcopus
827 1108 916 1160 ille
971 1109 1111 1160 ridet
1157 1109 1257 1160 viri
1304 1109 1476 1160 minas
1531 1110 1716 1162 iniusti
1778 1116 1831 1163 et
1879 1112 2124 1163 castitate

262 1178 506 1249 gemina²
565 1179 770 1246 potitur
836 1177 935 1251 [ac]
1005 1179 1346 1231 fornicatoris
1409 1179 1550 1231 illius
1611 1181 1826 1233 ultrices
1884 1180 2123 1233 flammas

264 1251 589 1319 speculatum
634 1253 762 1318 quia
790 1255 971 1303 nostro
1004 1250 1222 1303 doctore
1252 1250 1420 1303 Paulo
1458 1255 1592 1303 teste
1624 1251 1894 1304 adulteros
1923 1252 2126 1304 iudicat
2152 1270 2260 1302 uebr.
2278 1271 2329 1309 13,
2343 1272 2377 1302 4.

264 1324 424 1376 Deus,
485 1321 787 1384 Bolizlavus
818 1327 994 1375 autem
1028 1322 1158 1373 haec
1189 1322 1367 1373 omnia
1405 1323 1745 1390 comperienS,
1786 1324 1839 1375 in
1870 1329 2123 1391 quantum

260 1394 451 1463 potuit,
502 1392 801 1446 *vindicare
849 1410 952 1445 non
1003 1392 1228 1445 desistit.
1319 1393 1448 1445 Post
1494 1392 1627 1445 haec
1673 1411 1768 1445 rex
1806 1394 1893 1446 ille
1935 1395 2121 1462 plenus
2147 1411 2236 1444 Gen.
2262 1412 2314 1452 25,
2343 1413 2379 1444 8.

261 1466 468 1519 dierum
535 1463 726 1529 obiit3,
794 1465 1155 1532 integritatem
1220 1462 1534 1515 hereditatis
1593 1482 1720 1517 suae
1778 1464 1984 1517 duobus
2045 1482 2124 1517 re-

261 1538 508 1604 linquens
557 1535 703 1599 filiis,
751 1536 919 1588 tercio
968 1535 1143 1587 adhuc
1191 1535 1246 1586 in
1297 1552 1507 1587 carcere
1554 1536 1751 1603 posit0,
1801 1536 1892 1604 qui
1940 1541 2124 1603 postea
2157 1548 2280 1591 1015.

263 1608 476 1677 elapsus
515 1607 735 1675 coniuge
772 1606 972 1659 ibidem
1009 1607 1199 1659 relicta
1237 1605 1306 1657 ad
1343 1622 1582 1658 socerum
1620 1606 1769 1674 fugit.

408 1680 491 1733 74.
548 1678 690 1731 *Rex
726 1677 1001 1746 predictus
1038 1677 1229 1730 habuit
1265 1676 1506 1729 lumbare
1542 1687 1867 1740 venereume,
1913 1678 2126 1729 innatae

266 1750 578 1819 fragilitatis
614 1750 787 1802 maius
825 1754 1185 1816 augmentum.
1262 1748 1365 1801 Sed
1403 1749 1657 1815 magister
1693 1753 1905 1801 nostrae
1943 1748 2130 1800 salutis

268 1821 510 1875 Christus
547 1838 667 1874 cum
705 1820 913 1874 lumbos
950 1820 1195 1872 luxuriae
1234 1820 1474 1871 nocentis
1504 1818 1875 1872 habundancia
1909 1819 2130 1871 refertos
2155 1838 2243 1869 nuc.
2263 1839 2312 1877 12,
2327 1837 2380 1869 35.

266 1893 503 1961 precingi
540 1892 748 1945 iuberet
784 1897 1018 1956 nostrOS‚
1058 1891 1452 1944 continenciam
1483 1896 1537 1943 et
1566 1908 1670 1943 non
1702 1890 1915 1958 aliquod
1946 1907 2130 1958 provo-

268 1981 451 2017 camen
480 1964 726 2016 innotuit.
801 1964 871 2016 Et
899 1963 1025 2031 quia
1059 1962 1124 2015 de
1153 1962 1372 2014 lucerna
1401 1961 1621 2014 ardente
1651 1979 1684 2013 a
1712 1960 2131 2028 predicatoribus

269 2036 378 2088 suis
416 2053 513 2088 rex
548 2034 791 2103 prefatus
836 2034 1064 2098 audivit,
1109 2034 1316 2101 peccati
1360 2032 1622 2085 maculam
1667 2033 1871 2099 peracti
1918 2031 2133 2084 assidua

268 2107 677 2160 elemosinarum
713 2106 965 2173 largitate
1002 2105 1239 2158 detersit.
1315 2103 1579 2172 Scriptum
1618 2108 1697 2156 est
1734 2104 1893 2155 enim:
1953 2103 2134 2154 Facite

267 2179 613 2243 elemosinam,
649 2196 712 2229 ac
749 2178 924 2229 omnia
960 2185 1077 2229 sunt
1114 2176 1251 2228 vobis
1286 2176 1495 2227 munda.
1570 2174 1698 2227 *Hic
1735 2191 1853 2227 cum
1897 2175 2003 2225 iam
2047 2173 2132 2225 de-

211 2262 220 2271 ·
270 2250 505 2317 crepitae
555 2249 748 2302 aetatis
800 2254 940 2301 esset
1005 2264 1330 2316 regnumque
1399 2246 1492 2298 diu
1549 2245 1771 2298 haberet
1824 2245 2133 2313 predictum,

269 2320 422 2384 obiit,
476 2320 716 2387 sepultus
768 2321 823 2371 in
869 2318 1118 2372 Cuiewa4
1169 2319 1385 2372 civitate
1430 2335 1622 2385 magna
1673 2323 1726 2369 et
1768 2318 1824 2368 in
1878 2315 2133 2369 aecclesia

271 2391 471 2446 Christi
517 2391 752 2444 martiris
799 2399 852 2443 et
895 2408 1066 2460 papae
1113 2388 1434 2443 Clementis5
1471 2390 1621 2440 iuxta
1667 2387 1961 2456 predictam
2012 2403 2133 2439 con—

269 2464 448 2531 iugem
495 2480 669 2526 suam,
720 2463 1012 2531 sarcofagis
1059 2460 1346 2515 eorundem
1396 2460 1451 2511 in
1503 2458 1676 2512 medio
1727 2458 1910 2527 templi
1961 2457 2132 2525 palam

271 2534 554 2588 stantibus.
642 2534 806 2587 Cuius
860 2539 1096 2603 potestas
1141 2533 1280 2585 inter
1317 2531 1482 2583 *filios
1531 2529 1783 2583 dividitur
1837 2529 2137 2595 Christique

272 2606 538 2675 eloquium
570 2606 626 2658 in
657 2605 900 2658 omnibus
930 2604 1244 2658 affirmatur.
1303 2603 1545 2671 Namque
1576 2618 1757 2654 vereor
1785 2600 1840 2652 id
1870 2599 2135 2666 subsequi,

273 2677 419 2746 quod
463 2695 563 2730 vox
606 2677 847 2730 veritatis
891 2676 1213 2744 pronunciat
1258 2673 1517 2742 conpleri;
1562 2672 1696 2725 dicit
1738 2673 1900 2724 enim:
1982 2670 2136 2722 Omne
2160 2689 2387 2728 1.u0.11,1·1.

273 2768 483 2820 reqnum
518 2750 576 2800 in
613 2767 663 2801 se
701 2749 869 2818 ipsum
908 2748 1133 2800 divisum
1170 2745 1483 2798 desolabitur
1519 2749 1571 2797 et
1609 2749 1840 2808 caetera3
1880 2758 2040 2810 quam
2078 2749 2137 2792 ut

272 2825 481 2873 mutare
540 2821 595 2872 in
655 2817 796 2891 [hiis]
854 2818 1100 2886 partibus
1158 2817 1285 2870 velit
1342 2816 1488 2869 Deus
1555 2814 1903 2878 sentenciam,
1970 2812 2138 2866 omnis

275 2890 654 2963 [christianitas
694 2889 826 2961 oret]
841 2891 879 2944 d.

415 2965 498 3018 75.
552 2960 719 3024 *Quia
768 2979 909 3015 nunc
955 2961 1230 3030 paululum
1279 2956 1560 3021 declinavi,
1610 2955 1848 3019 redeam,
1898 2971 2031 3022 quae
2082 2954 2291 3010 in1017.

274 3034 514 3102 predicto
589 3034 862 3086 evenerint
933 3050 1099 3096 anno,
1180 3029 1425 3098 superius
1497 3027 1794 3080 indiscussa
1874 3024 2138 3078 succincte

275 3107 537 3175 aperiens,
622 3105 755 3175 (53.)
805 3104 984 3158 Curtis
1020 3121 1147 3172 pars
1183 3101 1419 3154 maxima
1456 3098 1726 3167 inperialis
1762 3097 1817 3149 in
1853 3094 2050 3149 Palithi
2090 3099 2141 3146 et

273 3178 328 3230 in
366 3177 694 3230 Traiectensi
740 3177 954 3229 civitate
998 3175 1168 3228 maior
1212 3172 1471 3226 aecclesia
1516 3187 1635 3222 cum
1680 3167 1921 3222 omnibus
1960 3166 2136 3219 Ethel-

275 3303 311 3346 α)
331 3305 605 3337 reconciaretur
627 3307 660 3337 1.
749 3304 786 3342 b)
814 3306 945 3335 nutant
966 3302 1010 3334 D.
1101 3300 1134 3341 c)
1157 3308 1354 3332 venereum
1377 3308 1467 3330 corr.
1491 3298 1677 3329 venerium
1700 3299 1733 3328 1.
1819 3294 1857 3334 d)
1881 3295 1988 3326 erasis
2005 3293 2142 3333 paucio,

274 3357 363 3388 quae
387 3349 419 3379 T
436 3348 612 3388 deficiente
632 3348 767 3390 pagina
788 3348 826 3379 in
849 3347 967 3378 detero
992 3355 1098 3387 mary.
1123 3344 1341 3384 apposuerat,
1364 3343 1401 3374 N
1420 3343 1457 3373 in
1481 3341 1546 3380 ins.
1564 3350 1670 3381 marg.
1688 3338 1774 3371 add.
1791 3337 2037 3370 christianitas
2053 3338 2139 3367 oret.

281 3448 321 3503 1)
360 3449 536 3493 Nomen
571 3448 801 3503 siynifieat
836 3459 979 3502 reyem
1017 3443 1280 3499 pacificum.-
1314 3442 1460 3497 polon.
1500 3437 1671 3484 wladac'
1705 3454 1760 3474 =
1789 3436 1929 3481 thiud.
1960 3435 2138 3486 walten,

277 3506 362 3549 mir
390 3522 447 3541 =
473 3519 595 3561 pann
643 3506 699 3559 cf.
736 3505 787 3555 V,
827 3504 882 3548 23
913 3500 1162 3554 Wladiwoi,
1211 3500 1289 3554 VI,
1333 3500 1383 3542 11
1428 3497 1628 3540 Iaremir.
1777 3494 1821 3547 2)
1870 3492 1997 3546 Confi.
2027 3493 2068 3558 ζ,
2099 3493 2140 3535 2.

276 3563 320 3615 3)
365 3562 423 3606 Α.
461 3564 573 3608 1015
610 3563 700 3606 Iul.
733 3563 808 3612 153
855 3559 1011 3605 Strahl
1046 3560 1088 3611 I,
1129 3558 1225 3601 110.
1366 3554 1410 3608 4)
1458 3555 1601 3598 Kiew.
1744 3553 1786 3603 5)
1833 3549 2069 3595 Clementis
2099 3549 2138 3591 Ι.

277 3620 513 3673 (Romani)
541 3620 570 3671 †
593 3620 689 3664 102.
