2456 4036
2400 0 2426 66 37.

2407 65 2424 106 ’ἑ

403 208 488 254 178
831 203 1170 249 THIETMARI
1199 201 1417 247 CHRON.
1475 202 1590 244 LIB.
1621 201 1709 245 VII
1741 201 1856 254 (VI).

245 345 372 388 1012.
403 334 674 387 modicum
711 340 921 399 tempus
960 327 1119 402 [eum]
1157 328 1428 397 possidere
1467 327 1701 381 deberet.
1784 328 1855 380 Et
1893 329 1949 379 in
1987 327 2087 379 hoc
2124 345 2278 389 anno,

403 421 506 474 quo
552 405 653 457 hoc
695 403 891 472 inpleri
937 401 1142 464 debuit,
1195 398 1410 451 cuidam
1453 403 1730 451 matronae
1775 397 2066 450 venerabili
2113 405 2282 451 mater

402 494 499 528 sua
548 476 652 527 iam
708 473 961 526 defuncta
1012 489 1108 539 per
1154 471 1325 522 visum
1378 470 1640 538 apparuit.
1730 469 1876 532 Quae
1928 486 2049 521 cum
2101 469 2168 522 ab
2221 488 2282 522 ea

402 548 729 599 salutaretur
753 550 821 607 et,
847 542 1112 611 quomodo
1137 546 1266 593 tunc
1281 540 1496 603 valeret,
1522 541 1959 608 interrogaretur,
1983 541 2278 607 respondit:

404 617 602 680 ‘Bene,'
651 620 703 668 et
747 614 965 667 adiecit:
1028 612 1270 676 ‘Scisne,’
1324 612 1592 680 inquiens,
1644 611 1804 680 ‘quod
1849 611 2282 679 archiepiscopus

401 693 581 741 noster
618 687 820 752 Tagino
860 684 925 737 de
963 685 1062 736 hoc
1101 683 1279 736 seculo
1316 683 1548 750 migrare
1579 689 1633 736 et
1654 682 1961 735 Walterdus
1992 683 2096 735 sibi
2126 682 2283 736 debet

403 757 723 812 succedere?
771 761 974 808 non-ut
1017 755 1104 808 hic
1149 755 1220 807 sit
1264 754 1654 823 aliquantulum
1700 761 2041 822 regnaturus,
2091 754 2184 807 sed
2227 756 2280 807 in

400 830 590 882 ultimo
644 828 887 880 examine
938 828 1078 880 inter
1129 826 1431 878 iudicantes
1484 843 1741 878 sessurus
1842 825 1922 878 Ab
1981 826 2166 878 eodem
2226 826 2282 878 in

402 901 547 954 caelo
593 905 674 952 est
716 899 905 952 tabula
950 895 1052 971 [ex]
1106 902 1326 966 argento
1378 914 1512 964 pene
1563 898 1822 965 perfecta;
1879 902 1931 950 et
1981 915 2102 949 cum
2153 898 2284 950 haec

401 972 568 1024 cicius
606 970 917 1039 completur,
958 970 1027 1022 ab
1066 974 1285 1038 aspectu
1319 968 1597 1020 hominum
1628 969 1675 1022 is
1704 969 1909 1037 premia
1939 973 2284 1036 recepturusa

401 1043 678 1096 aufertur.'
754 1041 875 1110 Ipse
912 1059 1051 1107 vere,
1090 1047 1151 1093 ut
1189 1057 1340 1093 soror
1378 1057 1476 1092 sua
1513 1039 1644 1092 mibi
1681 1040 1949 1093 intimavit
1985 1040 2123 1092 laica
2141 1040 2176 1104 1,
2214 1069 2284 1078 -

400 1115 628 1167 alteram
666 1113 808 1166 enim
845 1113 1034 1166 habuit
1071 1111 1545 1174 sanctimonialem,
1593 1143 1660 1149 --
1709 1111 1767 1164 id
1803 1112 1979 1180 ipsum
2017 1112 2284 1179 presciens

399 1187 610 1239 vocavit
647 1203 764 1238 eam
804 1184 874 1237 ad
911 1202 967 1238 se
1006 1184 1208 1236 dicens:
1267 1182 1621 1236 ‘Recor*daris
1659 1182 1830 1246 mode,
1883 1182 2117 1251 qualiter
2153 1182 2325 1235 mihi*
2372 1202 2403 1228 α

399 1257 528 1310 olim
571 1257 890 1324 promisisti,
936 1256 982 1309 si
1027 1255 1317 1308 hereditati
1353 1272 1504 1307 meae
1545 1272 1799 1323 umquam
1844 1254 2179 1319 succedereS,
2225 1262 2286 1307 ut

399 1328 661 1398 predium,
694 1326 839 1396 quod
862 1328 917 1380 in
941 1324 1253 1381 Osulfstidi2
1282 1325 1470 1391 habeo,
1503 1343 1599 1393 pro
1627 1327 1838 1378 animae
1867 1325 2104 1379 remedio
2135 1343 2285 1378 meae

400 1406 584 1454 sancto
638 1400 898 1453 Mauricio
949 1398 1240 1452 traderes‘.>⁷
1339 1397 1441 1450 Cui
1492 1397 1624 1450 haec
1676 1398 1854 1450 omnia
1907 1396 2175 1466 profitenti
2232 1405 2286 1449 et

400 1471 624 1541 digito3,
665 1477 726 1524 ut
759 1473 873 1541 ipse
906 1472 1084 1540 peciit,
1123 1469 1464 1523 confirmanti
1500 1469 1632 1522 flens
1660 1469 1957 1536 respondit:
1998 1468 2149 1521 ‘Mihi
2178 1486 2284 1521 non

400 1545 527 1597 licet
563 1544 760 1609 vivere3
799 1548 860 1596 tu
891 1550 1071 1595 autem
1097 1542 1202 1607 fac,
1240 1546 1302 1594 ut
1333 1540 1530 1605 dixisti,
1564 1546 1615 1594 et
1644 1558 1742 1609 pro
1778 1546 1922 1594 certo
1955 1540 2109 1603 sciaS,
2141 1540 2284 1608 quod

400 1615 465 1668 de
502 1615 735 1668 residuis
771 1615 849 1667 nil
881 1614 1197 1668 abalienabo
1231 1613 1382 1665 vobis
1424 1612 1798 1666 consororibus
1836 1611 2001 1667 meis)
2069 1611 2287 1664 Sciebat

400 1688 532 1740 haec
569 1687 748 1740 omnia
786 1686 1023 1754 conpleri
1061 1685 1269 1750 debere,
1309 1684 1404 1737 sed
1437 1685 1672 1753 speravit
1709 1684 1765 1736 in
1802 1683 1996 1736 maiori
2031 1689 2282 1752 tempore.

545 1762 627 1813 17.
696 1757 935 1811 XXVIII
991 1774 1159 1810 annos
1211 1757 1512 1825 prepositus
1565 1761 1681 1808 erat
1749 1761 1802 1808 et
1853 1756 1954 1808 hoc
1997 1772 2188 1808 nomen
2233 1762 2286 1807 et

400 1829 638 1883 officium
695 1847 787 1899 pre
846 1831 1076 1883 caeteris
1137 1827 1626 1894 contemporalibus
1691 1828 1930 1894 [cunctis]
1996 1825 2285 1879 honorifice

399 1902 630 1955 tenebat.
735 1901 1132 1970 Sarcophagum
1195 1901 1381 1968 ingens
1441 1898 1510 1952 ad
1567 1897 1919 1952 includendas
1978 1903 2281 1951 sanctorum

400 1974 654 2042 reliquias
679 1973 744 2026 de
769 1978 988 2042 argento
1012 1973 1155 2026 fecit.
1222 1971 1519 2024 Ecclesiam
1539 1970 1822 2023 rotundam
1843 1975 1967 2039 post
1980 1969 2285 2022 incendium

401 2045 559 2098 huius
597 2045 866 2098 civitatis4
913 2062 1164 2113 magnum
1204 2043 1465 2112 dilapsam
1519 2061 1552 2095 a
1597 2042 1946 2095 fundamento
1993 2042 2181 2106 erexit3
2233 2047 2286 2094 et

400 2117 599 2170 ibidem
638 2117 1016 2169 canonicorum
1055 2115 1520 2183 congregationem
1556 2113 1735 2167 facere
1775 2114 2054 2183 proposuit
2098 2117 2151 2165 et
2179 2112 2284 2165 hiis

403 2189 466 2241 de
513 2207 611 2242 sua
654 2189 985 2257 proprietate
1029 2187 1275 2256 predium
1312 2186 1479 2238 voluit
1524 2185 1654 2238 dare
1699 2185 2082 2254 supradictum.
2166 2183 2284 2236 Non

402 2261 506 2313 fuit
531 2259 619 2332 [is]
646 2260 914 2324 verbosus,
947 2259 1040 2313 sed
1063 2259 1426 2312 conscienciae
1451 2263 1652 2310 secreto
1677 2257 1924 2324 congruis
1954 2255 2284 2325 temporibus

401 2331 797 2385 manifestanda
845 2331 1090 2400 contegit.
1181 2329 1316 2401 [Hoc
1366 2330 1537 2382 solum
1585 2347 1681 2397 pre
1731 2328 1977 2381 omnibus
2027 2328 2283 2396 queritur,

402 2403 542 2472 quod
573 2403 864 2457 aecclesias
896 2408 952 2456 et
983 2403 1184 2456 clerum
1213 2419 1321 2454 non
1354 2400 1652 2466 benedixit;
1696 2399 1761 2453 de
1793 2400 1956 2468 pallio
1994 2404 2176 2452 autem
2207 2399 2284 2451 nil
2360 2416 2363 2418 ·

402 2474 593 2547 doluit]
609 2476 648 2531 5.
710 2474 1046 2528 Ineffabilem
1069 2474 1331 2526 librorum
1355 2474 1565 2540 copiam
1599 2479 1653 2525 et
1677 2471 2097 2525 sacerdotalemb
2121 2488 2284 2540 appa-

401 2552 577 2600 ratum
614 2565 732 2600 cum
767 2547 1014 2616 plurimis
1050 2545 1314 2598 secularia
1347 2544 1760 2611 respicientibus
1791 2544 2074 2596 contraxit.
2136 2542 2284 2606 Quae

403 2620 579 2671 omnia
602 2619 657 2671 in
681 2618 961 2672 subitaneo
987 2618 1100 2671 eius
1123 2616 1228 2669 fine
1251 2616 1542 2669 multorum
1566 2616 1783 2668 inutiles
1811 2633 2000 2668 manus
2024 2614 2285 2667 distraxe—

402 2695 570 2744 runtss.
636 2689 891 2762 [Sedebat
919 2687 1208 2760 namque]tl
1239 2688 1476 2742 *tantum
1503 2687 1608 2740 VII
1639 2687 1964 2740 ebdomadas
1995 2692 2048 2739 et
2070 2686 2126 2738 II
2150 2685 2281 2739 dies.
2308 2699 2325 2717 *

550 2763 629 2815 18.
678 2761 812 2832 (47.)
878 2761 992 2815 Hoc
1029 2766 1202 2814 totum
1240 2761 1359 2813 ideo
1399 2759 1530 2823 dixi,
1579 2764 1639 2812 ut
1676 2759 1740 2812 de
1779 2759 1892 2812 eius
1931 2759 2090 2811 celeri
2135 2756 2284 2811 obitu
2394 2816 2396 2818 v

403 2851 499 2886 nec
549 2834 730 2902 palam
793 2851 890 2886 nec
942 2834 999 2886 in
1051 2833 1258 2886 occulto
1317 2831 1458 2884 ullus
1511 2831 1735 2883 miretur
1785 2831 1867 2883 vel
1918 2848 2016 2883 sua
2067 2829 2285 2899 speciali

402 2926 438 2968 a)
460 2930 670 2966 recepturos
694 2929 725 2959 1.
813 2926 852 2968 b)
878 2927 1101 2958 sacerdolem
1130 2929 1156 2957 l.
1245 2926 1279 2967 c)
1309 2925 1571 2957 distracserunt
1592 2927 1623 2956 1.
1711 2923 1750 2964 d)
1777 2933 1806 2956 s.
1831 2934 1867 2956 n.
1897 2924 1928 2954 T
1946 2924 1985 2955 in
2008 2925 2080 2955 loco
2103 2931 2199 2955 raso.

406 2993 447 3045 1)
488 2993 635 3044 Quam
665 2992 826 3036 matris
854 2993 1033 3036 nomine
1063 2990 1292 3034 Amulrad
1327 2990 1611 3034 nominatam
1641 2988 1844 3045 Suityeri
1872 2988 2074 3044 episcopi
2100 2987 2283 3032 Baben-

404 3050 548 3105 bergis
580 3049 898 3101 (1040—1046)
930 3054 972 3093 et
997 3062 1150 3104 papae
1187 3047 1449 3099 (Clementis
1471 3048 1542 3090 II.
1575 3047 1686 3091 1046
1697 3047 1879 3098 --1047)
1916 3050 2102 3090 matrem
2131 3043 2285 3099 fuisse
2390 3055 2417 3098 4]

404 3106 524 3150 Ann.
564 3107 689 3150 Saxo
728 3121 770 3151 a.
810 3107 922 3151 1040
959 3107 1114 3151 tradit.
1243 3105 1286 3155 2)
1320 3104 1578 3149 Olvenstedt
1614 3104 1742 3148 vicus
1779 3104 1896 3148 inter
1928 3103 2216 3159 Maydeburq
2245 3108 2296 3148 et.
2390 3144 2394 3146 ,
2422 3127 2425 3154 ;

406 3164 731 3220 Gutensweyen
761 3165 891 3209 situs.
1006 3163 1050 3218 3)
1090 3162 1220 3216 Confi
1250 3163 1291 3206 I.
1317 3161 1504 3216 Grimm,
1537 3160 1782 3206 ‘Deutsche
1813 3159 2282 3206 Rechtsalterthitmer'

398 3235 447 3276 p.
472 3222 556 3266 140
577 3235 640 3278 sq.
778 3221 822 3275 4)
869 3221 1047 3266 Scilicet
1078 3220 1388 3274 Maydebur·9;
1430 3219 1551 3274 quod
1586 3232 1687 3262 vero
1719 3218 1885 3263 Selium
1914 3218 1964 3262 in
1988 3217 2284 3274 praefatione

405 3279 591 3322 editioni
633 3278 872 3323 Gestorum
911 3278 1174 3334 archiepisc.
1211 3278 1371 3332 Maqd.
1417 3276 1520 3328 (SS.
1552 3277 1687 3330 XIV,
1720 3290 1768 3332 p.
1796 3276 1901 3327 364)
1932 3275 2193 3330 praemissa
2229 3274 2282 3318 ob

405 3336 673 3380 inusitatum
689 3336 975 3392 pronominis
998 3335 1338 3379 demonstrativi
1357 3347 1490 3378 usam
1512 3335 1635 3378 hunc
1657 3335 1802 3378 locum
1825 3346 1880 3376 ea:
1899 3331 2288 3389 Maydeburyensi
2378 3338 2383 3350 ²
2399 3342 2413 3374 .’

405 3394 598 3448 quodam
640 3392 765 3447 fonte
807 3394 1080 3448 conscriptam
1125 3405 1219 3437 esse
1256 3397 1415 3447 putat,
1471 3391 1676 3448 equidem
1714 3390 1910 3446 probare
1952 3402 2044 3434 non
2080 3402 2283 3444 possum.

405 3451 450 3502 5)
484 3451 625 3494 Bulla
655 3451 770 3495 enim
793 3452 848 3495 P.
873 3451 941 3494 M.
964 3450 1202 3495 Benedicti
1225 3450 1365 3494 VIII.
1395 3455 1518 3493 seoeto
1543 3448 1719 3492 demum
1743 3449 1814 3492 die
1837 3453 1939 3503 post
1959 3446 2286 3502 archiepiscopi

405 3507 587 3562 obitum,
625 3509 720 3552 scil.
764 3509 835 3552 die
878 3509 944 3553 18.
982 3508 1194 3563 Auyusti
1232 3507 1386 3551 indict.
1430 3507 1497 3558 10,
1532 3506 1682 3562 primo
1721 3506 1958 3550 Benedicti
1988 3504 2284 3560 pontificatus
2376 3530 2414 3557 ι

407 3578 526 3608 anno
557 3566 729 3619 scripta
760 3570 851 3609 est..
920 3565 1080 3611 URS..·
1112 3565 1213 3609 vide
1247 3564 1363 3618 Iaffe
1395 3561 1548 3608 23989.
2390 3562 2407 3585 ¹⁸

2398 247 2425 368 ἲ

2404 375 2425 491 ἓ
2445 483 2447 487 J
