2456 4036
222 431 346 476 1004.

118 506 223 540 Pers.
237 507 303 548 111,
321 511 352 542 1.

380 297 464 342 134
888 293 1223 338 THIETMARI
1253 292 1469 337 CHRON.
1528 293 1644 338 LIB.
1674 293 1747 338 VI.

378 422 667 475 Februario
706 438 898 483 mense,
938 421 1026 487 qui
1067 419 1409 487 purgatorius
1447 419 1659 484 dicitur,
1705 421 1905 472 clarum
1942 439 2089 473 mane
2125 420 2247 472 illu,-

381 495 461 545 wit
499 493 689 555 secu10,
730 497 783 544 et
813 490 1111 554 HeinricuS,
1151 491 1252 542 Dei
1282 491 1459 557 gratia
1488 507 1595 552 rex,
1634 496 2033 544 antecessorum
2062 508 2248 543 nevam

378 582 595 617 suorum
640 565 857 629 cupiens
903 561 1191 613 emundare
1237 560 1445 630 sibique
1488 563 1697 614 veniam
1740 564 2035 631 promereri
2079 568 2249 615 aeter—

376 653 500 687 nam
539 634 811 702 dispositis
851 632 1139 684 secundum
1177 633 1371 685 suimet
1405 633 1663 702 placitum
1700 634 1770 686 ad
1809 633 1941 687 haec
1978 634 2248 701 pertinen—

376 706 520 758 tibus
560 705 762 757 cunctis
802 703 1039 770 perrexit
1076 703 1145 755 ad
1184 703 1398 756 domum
1437 721 1603 769 suam,
1641 704 1736 757 ubi
1776 721 1832 757 se
1871 704 2250 773 corporalitera

377 794 584 843 semper
642 774 845 827 solebat
902 773 1141 843 reficere,
1211 782 1273 826 ut
1332 775 1406 827 ibi
1472 775 1773 828 desiderato
1840 775 1932 827 diu
1996 776 2248 828 alimento

376 847 644 916 paululum
681 850 1013 898 recrearetur
1049 846 1103 896 in
1141 851 1332 898 mente.
1408 845 1822 914 Convocansque
1860 847 1929 898 ad
1967 865 2023 899 se
2069 864 2249 899 omnes

375 918 525 986 regni
567 918 823 986 primates
882 916 1032 968 dedit
1089 918 1453 985 episcopatum
1506 924 1724 971 sanctae
1779 917 2251 986 Merseburgiensis

374 989 632 1042 aeclesiae
663 988 907 1041 cuidamb
939 989 1214 1056 capellano
1246 991 1457 1054 suimet,
1498 991 1738 1056 [nomine]
1777 989 2089 1057 Wig*bcrt0‚
2129 1007 2248 1042 cum
2273 1003 2290 1021 *

375 1060 788 1113 archiantistitis
840 1059 1031 1112 baculo
1086 1060 1373 1128 Taginonis
1389 1069 1423 1125 ⁰,
1477 1079 1595 1113 cum
1650 1079 1753 1129 quo
1805 1062 1942 1129 ipse,
1998 1060 2250 1129 quicquid

375 1137 682 1185 antecessor
726 1149 854 1184 suus
899 1132 1095 1184 iniuste
1139 1132 1205 1185 de
1250 1132 1349 1184 hac
1394 1133 1607 1185 auferre
1647 1133 1936 1201 presumsit
1973 1132 2248 1196 aecclesia,

374 1203 703 1256 renovationi
763 1202 1002 1255 eiusdem
1061 1203 1305 1256 arridens
1366 1203 1662 1268 reddiditl,
1730 1204 2090 1257 consentiente
2148 1204 2251 1256 hoc

374 1275 596 1328 Arnulfo
619 1276 850 1343 presule,
878 1274 1012 1326 Eido
1040 1292 1251 1343 quoque
1276 1280 1329 1328 et
1343 1275 1656 1328 Hilliwardo
1672 1274 1694 1311 2
1717 1276 1994 1344 episcopis,
2023 1275 2247 1343 [quibus]

375 1347 601 1399 diocesis
633 1346 727 1399 illa
757 1346 861 1399 fuit
891 1346 1077 1408 divisa,
1109 1364 1172 1399 ac
1205 1348 1350 1399 omni
1379 1347 1574 1415 populo
1607 1348 1981 1416 applaudante.
2044 1348 2249 1399 Ductus

375 1436 495 1470 mox
518 1435 638 1470 cum
662 1417 843 1470 divina
873 1417 1186 1471 iubilatione
1225 1419 1294 1471 ad
1329 1418 1508 1471 sedem
1533 1437 1684 1471 suam
1709 1418 2013 1487 Wigbertus
2038 1418 2252 1471 *eodem
2278 1431 2319 1473 *.
2371 1456 2378 1464 -

377 1490 462 1543 die
516 1490 584 1543 ab
638 1489 1042 1558 archiepiscopo
1097 1491 1292 1542 suimet
1344 1490 1615 1558 Taginone
1689 1496 1744 1543 et
1799 1508 1832 1543 a
1891 1489 2252 1543 confratribus

376 1562 634 1614 Hillerico
675 1568 726 1614 et
765 1560 1023 1630 Wigone3
1073 1579 1194 1614 cum
1238 1561 1492 1628 predictis
1532 1563 1854 1630 coepiscopis
1893 1566 2250 1614 consecratur.

519 1635 566 1686 2.
615 1633 712 1703 (2.)
778 1633 996 1685 Interim
1036 1632 1336 1685 Bolizlavus
1381 1650 1476 1686 suo
1521 1634 1700 1686 furore
1746 1639 1799 1685 et
1842 1634 2050 1686 comitis
2089 1631 2248 1685 Hein-

375 1704 510 1758 rici4
548 1705 807 1757 instinctu
845 1722 1094 1773 magnam
1125 1705 1231 1757 vim
1262 1705 1518 1758 Bawariis
1558 1705 1907 1773 omnibusque
1945 1704 2252 1757 concivibus

376 1777 488 1829 suis
525 1777 724 1831 intulit.
809 1776 889 1829 Ob
927 1776 1066 1829 hanc
1103 1794 1324 1829 causam
1363 1795 1458 1829 rex
1496 1777 1699 1829 indicta
1735 1778 1885 1844 prius
1917 1775 2253 1845 expeditione

376 1849 580 1901 Milzini
622 1847 754 1901 fines
800 1848 1066 1902 hostiliter
1110 1849 1306 1901 invasit
1357 1853 1425 1911 et,
1470 1849 1527 1900 ni
1573 1848 1842 1917 superflua
1884 1849 2020 1900 nivis
2063 1846 2250 1900 effusio

375 1921 621 1973 celeriter
657 1920 893 1973 resoluta
931 1939 1052 1973 eum
1090 1920 1370 1988 inpediret,
1411 1921 1581 1973 omnis
1611 1921 1745 1973 haec
1774 1920 1920 1987 regio
1952 1919 2252 1972 habitatore

376 1998 585 2045 vastata
616 1993 878 2045 caruisset
890 1991 927 2047 5.
1000 1992 1128 2045 Inde
1158 2010 1402 2044 reversus
1433 1993 1603 2045 tristis
1635 1991 1927 2045 Guncelino
1959 1990 2254 2043 marchioni

378 2064 710 2132 caeterisque
754 2065 962 2132 patriae
1011 2063 1375 2116 defensoribus
1419 2065 1609 2132 positis
1647 2063 1941 2116 auxiliatur
1978 2062 2252 2131 presidiis3

378 2153 442 2188 ac
485 2142 611 2188 tunc
651 2134 962 2202 Merseburg
1016 2136 1230 2187 veniens
1283 2134 1504 2187 fratrem
1550 2134 1741 2187 suum6
1792 2135 1990 2203 fugisse
2036 2133 2104 2185 ad
2145 2134 2252 2186 Un-

376 2207 680 2275 gariorumd
738 2207 950 2275 regem7
1011 2208 1193 2259 veniae
1252 2208 1428 2274 gratia
1487 2205 1871 2274 acquirendae,
1941 2205 2253 2258 Heinricum

378 2283 558 2331 autem
594 2279 790 2347 incepti
833 2279 1057 2331 multum
1097 2279 1389 2346 penituisse
1438 2278 1506 2330 ab
1544 2277 1665 2330 fidis
1703 2276 2144 2331 intercessoribus
2185 2276 2253 2329 ab

379 2368 440 2404 eo
499 2351 676 2403 missis
738 2352 1011 2418 comperit.
1109 2350 1347 2413 Quorum
1406 2357 1459 2403 et
1519 2350 1748 2402 maxime
1799 2349 2006 2418 percari
2060 2349 2254 2401 suimet

379 2422 695 2490 Taginonise
755 2428 809 2474 et
858 2421 1159 2475 Bernhardi
1213 2421 1364 2474 ducis
1419 2422 1842 2489 supplicaciones
1904 2421 2004 2473 etsi
2055 2420 2253 2472 invitus

379 2495 675 2562 suscipiens
702 2494 911 2562 prefato
946 2494 1132 2546 comiti
1162 2493 1356 2547 suimet
1379 2495 1607 2562 gratiam
1627 2511 1690 2545 ea
1713 2495 1921 2546 ratione
1938 2491 2176 2555 indulsit,
2194 2495 2255 2543 ut

378 2566 623 2634 predium
656 2566 758 2618 sibi
790 2567 1005 2632 suisque
1035 2564 1337 2619 fautoribus
1376 2572 1430 2617 et
1462 2565 1752 2618 incolatum
1783 2564 2044 2628 redderet,
2076 2564 2254 2632 ipsum

379 2643 576 2703 autem,
624 2638 879 2706 quamdiu
925 2638 1201 2701 voluisset,
1248 2638 1302 2689 in
1351 2637 1596 2689 custodia
1641 2637 1925 2690 detineret.
1970 2635 2253 2689 Heinricus

380 2727 502 2762 vero
539 2727 595 2763 se
628 2711 787 2762 nimis
821 2711 875 2762 in
914 2709 1157 2762 omnibus
1188 2707 1506 2775 culpabilem
1540 2707 1942 2760 lacrimabiliter
1982 2706 2253 2775 professus

379 2798 527 2834 more
573 2785 625 2834 et
669 2781 855 2834 habitu
899 2781 1186 2849 penitentis
1227 2781 1339 2848 regi
1390 2798 1445 2832 se
1489 2779 1716 2833 tradidit
1746 2780 1980 2847 eiusque
2017 2778 2254 2831 iussione

382 2853 479 2907 *ab
510 2853 875 2922 archipresule
917 2852 1156 2919 predicto
1195 2853 1249 2904 in
1282 2852 1559 2904 castellum
1592 2852 1919 2905 Ivicanstenf
1954 2849 2256 2902 detruditur

381 2925 768 2994 diligenterque
807 2942 839 2976 a
879 2925 988 2977 suis
1026 2923 1285 2976 militibus
1323 2923 1409 2976 die
1446 2929 1711 2992 noctuque
1752 2921 2048 2976 servatur*.

475 3042 521 3092 ²¹⁴)
554 3041 721 3085 Erasis
757 3041 805 3084 in
843 3041 999 3084 dextro
1038 3040 1240 3094 maraine
1277 3039 1483 3083 versibus
1520 3041 1545 3082 2
1583 3039 1652 3082 vel
1686 3041 1712 3083 3
1751 3040 1805 3082 N
1836 3038 1886 3082 in
1922 3038 2011 3080 imo
2049 3036 2252 3080 addidit:

551 3098 635 3200 ἐξ]
637 3100 775 3199 ltpncq
776 3099 939 3199 13:155&
970 3096 1092 3140 aliud
1121 3097 1284 3140 bonum
1316 3109 1420 3151 opus
1459 3096 1506 3139 in
1536 3109 1624 3139 una
1662 3095 1732 3139 die
1762 3094 2024 3150 psalterium
2055 3107 2153 3136 cum
2183 3090 2255 3137 CL

383 3255 418 3294 a.)
440 3256 672 3296 corparaliter
694 3255 738 3287 A.
825 3253 865 3295 b)
888 3255 938 3286 ita
961 3255 1005 3286 A.
1021 3254 1059 3286 S.
1067 3265 1080 3293 ;
1112 3252 1315 3284 vocabulum
1338 3254 1376 3283 in
1399 3254 1431 3286 1.
1453 3260 1589 3283 erasum
1611 3251 1758 3291 quidam
1772 3251 1891 3290 juisse
1913 3250 2062 3282 videtur.
2151 3247 2186 3290 c)
2206 3250 2258 3280 ta-

383 3299 500 3337 gionis
524 3298 571 3338 A;
595 3297 777 3337 taginonis
803 3299 847 3338 {1⁷3
870 3297 1024 3329 taoionis
1047 3296 1204 3328 radendo
1226 3298 1300 3335 alqs
1324 3305 1432 3334 corr.;
1457 3294 1637 3335 taginonis
1660 3295 1812 3326 restituit
1835 3294 1870 3325 V.
1961 3293 1998 3334 d)
2030 3293 2044 3324 i
2067 3301 2203 3324 erasum
2225 3293 2256 3324 1.

384 3341 419 3383 e)
443 3341 633 3382 daginonis
658 3342 687 3371 V
703 3341 852 3381 saepius.
938 3341 967 3382 f)
991 3340 1171 3382 leyendum
1194 3338 1452 3378 Givicansten3
1476 3341 1523 3380 cf.
1548 3339 1576 3379 1,
1602 3339 1637 3369 6.

387 3427 428 3481 1)
459 3428 531 3471 De
560 3429 647 3471 hac
675 3428 956 3472 renovatione
986 3427 1084 3470 vide
1114 3424 1310 3471 ‘Jahrb’
1335 3426 1376 3479 I,
1408 3424 1647 3476 279-296,
1687 3424 1843 3468 Uhlz'rz
1873 3424 1902 3466 l.
1927 3436 1962 3466 c.
2079 3421 2122 3474 2)
2155 3420 2257 3465 Citi-

386 3486 510 3528 censi
532 3485 824 3529 1002-1032,
923 3485 966 3537 3)
999 3483 1438 3538 Brandenburyensi
1458 3483 1636 3526 992—0.
1655 3483 1780 3526 1019.
1881 3481 1925 3530 4)
1958 3479 2086 3533 C'ons.
2115 3478 2166 3532 V,
2189 3478 2258 3522 38.

386 3541 430 3593 5)
473 3543 617 3593 Quam
648 3542 972 3595 eaepeditionem
1002 3541 1123 3584 Ann.
1151 3541 1304 3593 Quedl.
1335 3540 1488 3583 minus
1518 3545 1633 3584 recte
1664 3540 1712 3582 in
1744 3553 1786 3582 a.
1814 3539 1924 3582 1003
1947 3542 2153 3591 ponunt5
2199 3533 2258 3599 ef.

388 3596 581 3641 ‘Jahrb'
614 3600 655 3649 I,
681 3599 777 3649 299,
801 3613 845 3641 n.
863 3600 902 3642 1.
961 3597 1004 3651 6)
1038 3600 1325 3652 Brunonem5
1353 3596 1410 3652 ef.
1438 3597 1487 3647 V,
1513 3598 1582 3641 38.
1650 3595 1693 3649 7)
1726 3596 2005 3651 Stephanum
2029 3595 2068 3638 Ι.
2092 3605 2259 3637 sororis

388 3667 500 3697 suae
529 3656 766 3707 mai-itanu
799 3654 856 3710 cf.
880 3656 966 3708 IV,
999 3655 1068 3699 59.
