<?xml version="1.0" encoding="UTF-8"?>
<!DOCTYPE html PUBLIC "-//W3C//DTD XHTML 1.0 Transitional//EN"
    "http://www.w3.org/TR/xhtml1/DTD/xhtml1-transitional.dtd">
<html xmlns="http://www.w3.org/1999/xhtml" xml:lang="en" lang="en">
 <head>
  <title>
</title>
<meta http-equiv="Content-Type" content="text/html;charset=utf-8" />
  <meta name='ocr-system' content='tesseract 3.04.00' />
  <meta name='ocr-capabilities' content='ocr_page ocr_carea ocr_par ocr_line ocrx_word'/>
</head>
<body>
  <div class='ocr_page' id='page_1' title='image "./thietmarimersebu00thieuoft_0180.png"; bbox 0 0 2456 4036; ppageno 0'>
   <div class='ocr_carea' id='block_1_1' title="bbox 237 409 362 454">
    <p class='ocr_par' dir='ltr' id='par_1_1' title="bbox 237 409 362 454">
     <span class='ocr_line' id='line_1_1' title="bbox 237 409 362 454; baseline 0 -1"><span class='ocrx_word' id='word_1_1' title='bbox 237 409 362 454; x_wconf 85' lang='lat'>1009.</span> 
     </span>
    </p>
   </div>
   <div class='ocr_carea' id='block_1_2' title="bbox 209 770 369 810">
    <p class='ocr_par' dir='ltr' id='par_1_2' title="bbox 209 770 369 810">
     <span class='ocr_line' id='line_1_2' title="bbox 209 770 369 810; baseline -0.013 -7"><span class='ocrx_word' id='word_1_2' title='bbox 209 770 300 810; x_wconf 86' lang='lat' dir='ltr'>Apr.</span> <span class='ocrx_word' id='word_1_3' title='bbox 318 771 369 802; x_wconf 84' lang='lat'>23.</span> 
     </span>
    </p>
   </div>
   <div class='ocr_carea' id='block_1_3' title="bbox 206 1125 366 1166">
    <p class='ocr_par' dir='ltr' id='par_1_3' title="bbox 206 1125 366 1166">
     <span class='ocr_line' id='line_1_3' title="bbox 206 1125 366 1166; baseline 0 -8"><span class='ocrx_word' id='word_1_4' title='bbox 206 1125 296 1166; x_wconf 83' lang='lat' dir='ltr'>Apr.</span> <span class='ocrx_word' id='word_1_5' title='bbox 312 1127 366 1159; x_wconf 85' lang='lat'>24.</span> 
     </span>
    </p>
   </div>
   <div class='ocr_carea' id='block_1_4' title="bbox 395 269 1774 319">
    <p class='ocr_par' dir='ltr' id='par_1_4' title="bbox 395 269 1774 319">
     <span class='ocr_line' id='line_1_4' title="bbox 395 269 1774 319; baseline -0.003 0"><span class='ocrx_word' id='word_1_6' title='bbox 395 274 479 319; x_wconf 83' lang='lat'>158</span> <span class='ocrx_word' id='word_1_7' title='bbox 910 272 1246 317; x_wconf 83' lang='lat' dir='ltr'>THIETMARI</span> <span class='ocrx_word' id='word_1_8' title='bbox 1275 269 1493 316; x_wconf 83' lang='lat' dir='ltr'><em>CHRON.</em></span> <span class='ocrx_word' id='word_1_9' title='bbox 1552 271 1666 316; x_wconf 88' lang='lat' dir='ltr'>LIB.</span> <span class='ocrx_word' id='word_1_10' title='bbox 1697 272 1774 317; x_wconf 89' lang='lat' dir='ltr'>VI.</span> 
     </span>
    </p>
   </div>
   <div class='ocr_carea' id='block_1_5' title="bbox 388 398 2312 2971">
    <p class='ocr_par' dir='ltr' id='par_1_5' title="bbox 390 398 2273 1250">
     <span class='ocr_line' id='line_1_5' title="bbox 392 398 2272 465; baseline -0.001 -12"><span class='ocrx_word' id='word_1_11' title='bbox 392 401 658 453; x_wconf 76' lang='lat' dir='ltr'>commisit</span> <span class='ocrx_word' id='word_1_12' title='bbox 708 417 829 452; x_wconf 93' lang='lat' dir='ltr'>cum</span> <span class='ocrx_word' id='word_1_13' title='bbox 881 399 1072 450; x_wconf 83' lang='lat' dir='ltr'>baculo</span> <span class='ocrx_word' id='word_1_14' title='bbox 1133 404 1186 449; x_wconf 91' lang='lat' dir='ltr'>et</span> <span class='ocrx_word' id='word_1_15' title='bbox 1236 402 1540 464; x_wconf 89' lang='lat' dir='ltr'>prostratus</span> <span class='ocrx_word' id='word_1_16' title='bbox 1593 398 1800 449; x_wconf 87' lang='lat' dir='ltr'>veniam</span> <span class='ocrx_word' id='word_1_17' title='bbox 1859 398 2011 465; x_wconf 90' lang='lat' dir='ltr'>petii,</span> <span class='ocrx_word' id='word_1_18' title='bbox 2084 403 2272 452; x_wconf 85' lang='lat' dir='ltr'>cantor</span> 
     </span>
     <span class='ocr_line' id='line_1_6' title="bbox 392 468 2272 538; baseline -0.001 -14"><span class='ocrx_word' id='word_1_19' title='bbox 392 473 673 524; x_wconf 89' lang='lat' dir='ltr'>introitum</span> <span class='ocrx_word' id='word_1_20' title='bbox 712 470 934 535; x_wconf 89' lang='lat' dir='ltr'>incepit:</span> <span class='ocrx_word' id='word_1_21' title='bbox 997 468 1170 520; x_wconf 76' lang='lat' dir='ltr'>Venite</span> <span class='ocrx_word' id='word_1_22' title='bbox 1214 468 1464 520; x_wconf 78' lang='lat' dir='ltr'>benedicti</span> <span class='ocrx_word' id='word_1_23' title='bbox 1498 470 1677 538; x_wconf 74' lang='lat' dir='ltr'>patris</span> <span class='ocrx_word' id='word_1_24' title='bbox 1720 471 1835 533; x_wconf 82' lang='lat' dir='ltr'>mei,</span> <span class='ocrx_word' id='word_1_25' title='bbox 1883 475 1937 521; x_wconf 92' lang='grc'>01</span> <span class='ocrx_word' id='word_1_26' title='bbox 1979 470 2036 521; x_wconf 89' lang='grc'>111</span> <span class='ocrx_word' id='word_1_27' title='bbox 2081 469 2272 522; x_wconf 89' lang='lat' dir='ltr'>maiori</span> 
     </span>
     <span class='ocr_line' id='line_1_7' title="bbox 394 538 2272 609; baseline -0.001 -14"><span class='ocrx_word' id='word_1_28' title='bbox 394 543 618 595; x_wconf 88' lang='lat' dir='ltr'>ecclesia</span> <span class='ocrx_word' id='word_1_29' title='bbox 648 558 829 594; x_wconf 90' lang='lat' dir='ltr'>omnes</span> <span class='ocrx_word' id='word_1_30' title='bbox 860 540 1074 591; x_wconf 81' lang='lat' dir='ltr'>interim</span> <span class='ocrx_word' id='word_1_31' title='bbox 1098 538 1167 590; x_wconf 91' lang='lat' dir='ltr'>ad</span> <span class='ocrx_word' id='word_1_32' title='bbox 1190 539 1408 591; x_wconf 86' lang='lat' dir='ltr'>missam</span> <span class='ocrx_word' id='word_1_33' title='bbox 1434 557 1724 608; x_wconf 81' lang='lat' dir='ltr'>campanae</span> <span class='ocrx_word' id='word_1_34' title='bbox 1749 540 2097 603; x_wconf 79' lang='lat' dir='ltr'>sonabantur3</span> <span class='ocrx_word' id='word_1_35' title='bbox 2130 541 2272 609; x_wconf 90' lang='lat' dir='ltr'>quod</span> 
     </span>
     <span class='ocr_line' id='line_1_8' title="bbox 395 610 2270 678; baseline -0.001 -12"><span class='ocrx_word' id='word_1_36' title='bbox 395 615 495 666; x_wconf 87' lang='lat' dir='ltr'>etsi</span> <span class='ocrx_word' id='word_1_37' title='bbox 532 630 661 664; x_wconf 90' lang='lat' dir='ltr'>casu</span> <span class='ocrx_word' id='word_1_38' title='bbox 700 618 752 664; x_wconf 92' lang='lat' dir='ltr'>et</span> <span class='ocrx_word' id='word_1_39' title='bbox 788 629 893 662; x_wconf 90' lang='lat' dir='ltr'>non</span> <span class='ocrx_word' id='word_1_40' title='bbox 930 611 1080 663; x_wconf 87' lang='lat' dir='ltr'>iussu</span> <span class='ocrx_word' id='word_1_41' title='bbox 1118 610 1346 662; x_wconf 88' lang='lat' dir='ltr'>alicuius</span> <span class='ocrx_word' id='word_1_42' title='bbox 1391 627 1484 662; x_wconf 91' lang='lat' dir='ltr'>seu</span> <span class='ocrx_word' id='word_1_43' title='bbox 1529 611 1791 678; x_wconf 75' lang='lat' dir='ltr'>dignitate</span> <span class='ocrx_word' id='word_1_44' title='bbox 1837 629 1956 664; x_wconf 89' lang='lat' dir='ltr'>mea</span> <span class='ocrx_word' id='word_1_45' title='bbox 1994 611 2270 676; x_wconf 86' lang='lat' dir='ltr'>evenisset,</span> 
     </span>
     <span class='ocr_line' id='line_1_9' title="bbox 393 682 2273 737; baseline -0.001 0"><span class='ocrx_word' id='word_1_46' title='bbox 393 690 574 737; x_wconf 91' lang='lat' dir='ltr'>tamen</span> <span class='ocrx_word' id='word_1_47' title='bbox 610 701 706 735; x_wconf 90' lang='lat' dir='ltr'>rex</span> <span class='ocrx_word' id='word_1_48' title='bbox 742 682 942 733; x_wconf 91' lang='lat' dir='ltr'>bonum</span> <span class='ocrx_word' id='word_1_49' title='bbox 979 682 1077 733; x_wconf 92' lang='lat' dir='ltr'>hoc</span> <span class='ocrx_word' id='word_1_50' title='bbox 1116 698 1232 733; x_wconf 91' lang='lat' dir='ltr'>esse</span> <span class='ocrx_word' id='word_1_51' title='bbox 1269 699 1422 733; x_wconf 90' lang='lat' dir='ltr'>omen</span> <span class='ocrx_word' id='word_1_52' title='bbox 1459 687 1703 736; x_wconf 89' lang='lat' dir='ltr'>testatur.</span> <span class='ocrx_word' id='word_1_53' title='bbox 1777 683 2002 735; x_wconf 89' lang='lat' dir='ltr'>Peracto</span> <span class='ocrx_word' id='word_1_54' title='bbox 2040 688 2166 735; x_wconf 91' lang='lat' dir='ltr'>tunc</span> <span class='ocrx_word' id='word_1_55' title='bbox 2196 682 2273 735; x_wconf 89' lang='lat' dir='ltr'>ibi</span> 
     </span>
     <span class='ocr_line' id='line_1_10' title="bbox 393 751 2271 822; baseline 0 -16"><span class='ocrx_word' id='word_1_56' title='bbox 393 764 618 822; x_wconf 79' lang='lat' dir='ltr'>magnoa</span> <span class='ocrx_word' id='word_1_57' title='bbox 642 772 673 805; x_wconf 93' lang='lat' dir='ltr'>a</span> <span class='ocrx_word' id='word_1_58' title='bbox 694 753 943 805; x_wconf 90' lang='lat' dir='ltr'>Brunone</span> <span class='ocrx_word' id='word_1_59' title='bbox 959 751 1251 804; x_wconf 88' lang='lat' dir='ltr'>venerabili</span> <span class='ocrx_word' id='word_1_60' title='bbox 1272 753 1484 822; x_wconf 83' lang='lat' dir='ltr'>presule</span> <span class='ocrx_word' id='word_1_61' title='bbox 1510 755 1760 818; x_wconf 86' lang='lat' dir='ltr'>conviviO,</span> <span class='ocrx_word' id='word_1_62' title='bbox 1782 755 2026 822; x_wconf 89' lang='lat' dir='ltr'>proximo</span> <span class='ocrx_word' id='word_1_63' title='bbox 2051 753 2271 806; x_wconf 88' lang='lat' dir='ltr'>sabbato</span> 
     </span>
     <span class='ocr_line' id='line_1_11' title="bbox 393 824 2273 887; baseline 0 -9"><span class='ocrx_word' id='word_1_64' title='bbox 393 825 463 878; x_wconf 91' lang='lat' dir='ltr'>ad</span> <span class='ocrx_word' id='word_1_65' title='bbox 501 824 704 877; x_wconf 89' lang='lat' dir='ltr'>Novam</span> <span class='ocrx_word' id='word_1_66' title='bbox 745 824 973 877; x_wconf 87' lang='lat' dir='ltr'>Urbem¹</span> <span class='ocrx_word' id='word_1_67' title='bbox 1015 825 1269 879; x_wconf 82' lang='lat' dir='ltr'>venimus,</span> <span class='ocrx_word' id='word_1_68' title='bbox 1355 824 1437 876; x_wconf 93' lang='lat' dir='ltr'>Ibi</span> <span class='ocrx_word' id='word_1_69' title='bbox 1482 829 1610 877; x_wconf 93' lang='lat' dir='ltr'>tunc</span> <span class='ocrx_word' id='word_1_70' title='bbox 1654 825 1709 877; x_wconf 88' lang='lat' dir='ltr'>in</span> <span class='ocrx_word' id='word_1_71' title='bbox 1749 830 1934 887; x_wconf 89' lang='lat' dir='ltr'>octavo</span> <span class='ocrx_word' id='word_1_72' title='bbox 1973 825 2273 878; x_wconf 83' lang='lat' dir='ltr'>dominicae</span> 
     </span>
     <span class='ocr_line' id='line_1_12' title="bbox 393 895 2273 965; baseline -0.001 -16"><span class='ocrx_word' id='word_1_73' title='bbox 393 896 807 965; x_wconf 84' lang='lat' dir='ltr'>sollempnitatis</span> <span class='ocrx_word' id='word_1_74' title='bbox 833 896 919 947; x_wconf 92' lang='lat' dir='ltr'>die</span> <span class='ocrx_word' id='word_1_75' title='bbox 941 913 974 947; x_wconf 92' lang='lat' dir='ltr'>a</span> <span class='ocrx_word' id='word_1_76' title='bbox 995 895 1237 964; x_wconf 86' lang='lat' dir='ltr'>predicto</span> <span class='ocrx_word' id='word_1_77' title='bbox 1261 895 1638 963; x_wconf 85' lang='lat' dir='ltr'>archipresule,</span> <span class='ocrx_word' id='word_1_78' title='bbox 1664 896 1979 949; x_wconf 90' lang='lat' dir='ltr'>Hilliwardo</span> <span class='ocrx_word' id='word_1_79' title='bbox 2004 896 2273 949; x_wconf 86' lang='lat' dir='ltr'>confratre</span> 
     </span>
     <span class='ocr_line' id='line_1_13' title="bbox 391 967 2272 1036; baseline 0.001 -17"><span class='ocrx_word' id='word_1_80' title='bbox 391 972 574 1020; x_wconf 87' lang='lat' dir='ltr'>nostro</span> <span class='ocrx_word' id='word_1_81' title='bbox 598 967 884 1020; x_wconf 88' lang='lat' dir='ltr'>adiuvante</span> <span class='ocrx_word' id='word_1_82' title='bbox 919 972 974 1018; x_wconf 91' lang='lat' dir='ltr'>et</span> <span class='ocrx_word' id='word_1_83' title='bbox 998 968 1327 1036; x_wconf 90' lang='lat' dir='ltr'>coepiscopis</span> <span class='ocrx_word' id='word_1_84' title='bbox 1357 984 1465 1019; x_wconf 91' lang='lat' dir='ltr'>non</span> <span class='ocrx_word' id='word_1_85' title='bbox 1489 968 1663 1020; x_wconf 90' lang='lat' dir='ltr'>minus</span> <span class='ocrx_word' id='word_1_86' title='bbox 1687 985 1847 1036; x_wconf 90' lang='lat' dir='ltr'>quam</span> <span class='ocrx_word' id='word_1_87' title='bbox 1872 967 1974 1019; x_wconf 90' lang='lat' dir='ltr'>IIII</span> <span class='ocrx_word' id='word_1_88' title='bbox 2003 969 2272 1035; x_wconf 85' lang='lat' dir='ltr'>asspiran-</span> 
     </span>
     <span class='ocr_line' id='line_1_14' title="bbox 390 1039 2272 1108; baseline 0.001 -17"><span class='ocrx_word' id='word_1_89' title='bbox 390 1039 556 1104; x_wconf 76' lang='lat' dir='ltr'>tibus,</span> <span class='ocrx_word' id='word_1_90' title='bbox 607 1040 663 1091; x_wconf 91' lang='lat' dir='ltr'>in</span> <span class='ocrx_word' id='word_1_91' title='bbox 708 1040 851 1107; x_wconf 89' lang='lat' dir='ltr'>regis</span> <span class='ocrx_word' id='word_1_92' title='bbox 895 1039 1168 1106; x_wconf 89' lang='lat' dir='ltr'>presentia</span> <span class='ocrx_word' id='word_1_93' title='bbox 1211 1040 1462 1091; x_wconf 83' lang='lat' dir='ltr'>crismate</span> <span class='ocrx_word' id='word_1_94' title='bbox 1507 1040 1564 1091; x_wconf 86' lang='lat' dir='ltr'>in</span> <span class='ocrx_word' id='word_1_95' title='bbox 1610 1039 1938 1092; x_wconf 89' lang='lat' dir='ltr'>sacerdotem</span> <span class='ocrx_word' id='word_1_96' title='bbox 1982 1045 2272 1108; x_wconf 88' lang='lat' dir='ltr'>perunctus</span> 
     </span>
     <span class='ocr_line' id='line_1_15' title="bbox 393 1110 2272 1164; baseline 0 -1"><span class='ocrx_word' id='word_1_97' title='bbox 393 1129 510 1163; x_wconf 86' lang='lat' dir='ltr'>sum</span> <span class='ocrx_word' id='word_1_98' title='bbox 553 1110 691 1164; x_wconf 93' lang='lat' dir='ltr'>VIII.</span> <span class='ocrx_word' id='word_1_99' title='bbox 733 1110 849 1162; x_wconf 88' lang='lat' dir='ltr'>Kal.</span> <span class='ocrx_word' id='word_1_100' title='bbox 891 1111 1015 1163; x_wconf 87' lang='lat' dir='ltr'>Mai.</span> <span class='ocrx_word' id='word_1_101' title='bbox 1099 1110 1230 1163; x_wconf 92' lang='lat' dir='ltr'>Inde</span> <span class='ocrx_word' id='word_1_102' title='bbox 1268 1110 1619 1163; x_wconf 87' lang='lat' dir='ltr'>Ratisbonam</span> <span class='ocrx_word' id='word_1_103' title='bbox 1664 1112 1720 1163; x_wconf 90' lang='lat' dir='ltr'>in</span> <span class='ocrx_word' id='word_1_104' title='bbox 1758 1111 2009 1163; x_wconf 88' lang='lat' dir='ltr'>Danubio</span> <span class='ocrx_word' id='word_1_105' title='bbox 2053 1110 2272 1164; x_wconf 87' lang='lat' dir='ltr'>flumine</span> 
     </span>
     <span class='ocr_line' id='line_1_16' title="bbox 391 1182 1092 1250; baseline 0.003 -17"><span class='ocrx_word' id='word_1_106' title='bbox 391 1183 602 1250; x_wconf 88' lang='lat' dir='ltr'>navigio</span> <span class='ocrx_word' id='word_1_107' title='bbox 640 1182 1092 1250; x_wconf 72' lang='lat' dir='ltr'>perducimurb·²¹‘.</span> 
     </span>
    </p>

    <p class='ocr_par' dir='ltr' id='par_1_6' title="bbox 388 1252 2312 2971">
     <span class='ocr_line' id='line_1_17' title="bbox 534 1252 2273 1323; baseline -0.001 -17"><span class='ocrx_word' id='word_1_108' title='bbox 534 1255 620 1308; x_wconf 85' lang='lat'>41.</span> <span class='ocrx_word' id='word_1_109' title='bbox 682 1253 817 1323; x_wconf 79' lang='lat'><strong>(28.)</strong></span> <span class='ocrx_word' id='word_1_110' title='bbox 905 1253 1119 1306; x_wconf 88' lang='lat' dir='ltr'>Interea</span> <span class='ocrx_word' id='word_1_111' title='bbox 1178 1252 1462 1305; x_wconf 84' lang='lat' dir='ltr'>Heinricus</span> <span class='ocrx_word' id='word_1_112' title='bbox 1522 1252 1665 1305; x_wconf 85' lang='lat' dir='ltr'>dux2</span> <span class='ocrx_word' id='word_1_113' title='bbox 1722 1253 2029 1306; x_wconf 90' lang='lat' dir='ltr'>rebellionis</span> <span class='ocrx_word' id='word_1_114' title='bbox 2097 1252 2273 1321; x_wconf 89' lang='lat' dir='ltr'>gratia</span> 
     </span>
     <span class='ocr_line' id='line_1_18' title="bbox 393 1324 2272 1393; baseline 0 -17"><span class='ocrx_word' id='word_1_115' title='bbox 393 1325 690 1378; x_wconf 90' lang='lat' dir='ltr'>Bawariam</span> <span class='ocrx_word' id='word_1_116' title='bbox 749 1325 1051 1377; x_wconf 89' lang='lat' dir='ltr'>clanculum</span> <span class='ocrx_word' id='word_1_117' title='bbox 1111 1325 1315 1377; x_wconf 87' lang='lat' dir='ltr'>intrare</span> <span class='ocrx_word' id='word_1_118' title='bbox 1373 1342 1706 1393; x_wconf 81' lang='lat' dir='ltr'>presumenS,</span> <span class='ocrx_word' id='word_1_119' title='bbox 1768 1326 2115 1378; x_wconf 89' lang='lat' dir='ltr'>interclusum</span> <span class='ocrx_word' id='word_1_120' title='bbox 2169 1324 2272 1376; x_wconf 92' lang='lat' dir='ltr'>sibi</span> 
     </span>
     <span class='ocr_line' id='line_1_19' title="bbox 391 1396 2274 1465; baseline -0.002 -15"><span class='ocrx_word' id='word_1_121' title='bbox 391 1396 597 1450; x_wconf 88' lang='lat' dir='ltr'>aditum</span> <span class='ocrx_word' id='word_1_122' title='bbox 651 1415 684 1449; x_wconf 91' lang='lat' dir='ltr'>a</span> <span class='ocrx_word' id='word_1_123' title='bbox 734 1397 956 1464; x_wconf 88' lang='lat' dir='ltr'>provida</span> <span class='ocrx_word' id='word_1_124' title='bbox 1006 1397 1145 1463; x_wconf 89' lang='lat' dir='ltr'>regis</span> <span class='ocrx_word' id='word_1_125' title='bbox 1196 1397 1443 1449; x_wconf 86' lang='lat' dir='ltr'>sollercia</span> <span class='ocrx_word' id='word_1_126' title='bbox 1487 1401 1548 1448; x_wconf 89' lang='grc'>111</span> <span class='ocrx_word' id='word_1_127' title='bbox 1589 1397 1761 1464; x_wconf 89' lang='lat' dir='ltr'>primo</span> <span class='ocrx_word' id='word_1_128' title='bbox 1805 1397 2096 1465; x_wconf 88' lang='lat' dir='ltr'>persensit,</span> <span class='ocrx_word' id='word_1_129' title='bbox 2150 1413 2274 1447; x_wconf 89' lang='lat' dir='ltr'>mox</span> 
     </span>
     <span class='ocr_line' id='line_1_20' title="bbox 389 1467 2272 1536; baseline -0.001 -15"><span class='ocrx_word' id='word_1_130' title='bbox 389 1468 642 1536; x_wconf 90' lang='lat' dir='ltr'>fugiendo</span> <span class='ocrx_word' id='word_1_131' title='bbox 680 1468 982 1521; x_wconf 87' lang='lat' dir='ltr'>revertitur.</span> <span class='ocrx_word' id='word_1_132' title='bbox 1058 1468 1318 1531; x_wconf 80' lang='lat' dir='ltr'>Quocirca</span> <span class='ocrx_word' id='word_1_133' title='bbox 1354 1469 1542 1536; x_wconf 90' lang='lat' dir='ltr'>optimi</span> <span class='ocrx_word' id='word_1_134' title='bbox 1580 1468 1945 1520; x_wconf 86' lang='lat' dir='ltr'>Bawariorum</span> <span class='ocrx_word' id='word_1_135' title='bbox 1978 1467 2272 1520; x_wconf 84' lang='lat' dir='ltr'>Ratisbone</span> 
     </span>
     <span class='ocr_line' id='line_1_21' title="bbox 390 1539 2273 1608; baseline -0.001 -16"><span class='ocrx_word' id='word_1_136' title='bbox 390 1540 560 1608; x_wconf 88' lang='lat' dir='ltr'>regali</span> <span class='ocrx_word' id='word_1_137' title='bbox 605 1540 783 1593; x_wconf 91' lang='lat' dir='ltr'>edictu</span> <span class='ocrx_word' id='word_1_138' title='bbox 829 1540 1150 1592; x_wconf 90' lang='lat' dir='ltr'>conveniunt</span> <span class='ocrx_word' id='word_1_139' title='bbox 1201 1544 1274 1604; x_wconf 93' lang='lat' dir='ltr'>et,</span> <span class='ocrx_word' id='word_1_140' title='bbox 1322 1541 1562 1607; x_wconf 90' lang='lat' dir='ltr'>quamvis</span> <span class='ocrx_word' id='word_1_141' title='bbox 1606 1539 1758 1592; x_wconf 90' lang='lat' dir='ltr'>*duci</span> <span class='ocrx_word' id='word_1_142' title='bbox 1811 1540 2006 1592; x_wconf 90' lang='lat' dir='ltr'>suimet</span> <span class='ocrx_word' id='word_1_143' title='bbox 2051 1539 2119 1591; x_wconf 88' lang='lat' dir='ltr'>ad</span> <span class='ocrx_word' id='word_1_144' title='bbox 2163 1543 2273 1591; x_wconf 85' lang='lat' dir='ltr'>tres</span> 
     </span>
     <span class='ocr_line' id='line_1_22' title="bbox 392 1611 2274 1680; baseline -0.001 -16"><span class='ocrx_word' id='word_1_145' title='bbox 392 1629 560 1665; x_wconf 89' lang='lat' dir='ltr'>annos</span> <span class='ocrx_word' id='word_1_146' title='bbox 599 1629 655 1664; x_wconf 88' lang='lat' dir='ltr'>se</span> <span class='ocrx_word' id='word_1_147' title='bbox 694 1612 923 1664; x_wconf 90' lang='lat' dir='ltr'>alterum</span> <span class='ocrx_word' id='word_1_148' title='bbox 961 1616 1066 1663; x_wconf 84' lang='lat' dir='ltr'>non</span> <span class='ocrx_word' id='word_1_149' title='bbox 1108 1611 1302 1679; x_wconf 87' lang='lat' dir='ltr'>eligere</span> <span class='ocrx_word' id='word_1_150' title='bbox 1341 1628 1524 1664; x_wconf 91' lang='lat' dir='ltr'>omnes</span> <span class='ocrx_word' id='word_1_151' title='bbox 1562 1617 1750 1680; x_wconf 90' lang='lat' dir='ltr'>sponte</span> <span class='ocrx_word' id='word_1_152' title='bbox 1786 1612 2047 1676; x_wconf 88' lang='lat' dir='ltr'>iurarent,</span> <span class='ocrx_word' id='word_1_153' title='bbox 2094 1617 2274 1664; x_wconf 87' lang='lat' dir='ltr'>tamen</span> 
     </span>
     <span class='ocr_line' id='line_1_23' title="bbox 391 1682 2273 1751; baseline -0.002 -15"><span class='ocrx_word' id='word_1_154' title='bbox 391 1683 489 1736; x_wconf 79' lang='lat' dir='ltr'>ob0</span> <span class='ocrx_word' id='word_1_155' title='bbox 540 1684 641 1736; x_wconf 92' lang='lat' dir='ltr'>hoc</span> <span class='ocrx_word' id='word_1_156' title='bbox 691 1701 725 1736; x_wconf 91' lang='lat' dir='ltr'>a</span> <span class='ocrx_word' id='word_1_157' title='bbox 774 1701 899 1751; x_wconf 89' lang='lat' dir='ltr'>rege</span> <span class='ocrx_word' id='word_1_158' title='bbox 959 1684 1160 1751; x_wconf 84' lang='lat' dir='ltr'>iurgati</span> <span class='ocrx_word' id='word_1_159' title='bbox 1225 1682 1543 1735; x_wconf 82' lang='lat' dir='ltr'>blandiciisd</span> <span class='ocrx_word' id='word_1_160' title='bbox 1605 1688 1766 1751; x_wconf 90' lang='lat' dir='ltr'>atque</span> <span class='ocrx_word' id='word_1_161' title='bbox 1819 1683 1976 1735; x_wconf 91' lang='lat' dir='ltr'>minis</span> <span class='ocrx_word' id='word_1_162' title='bbox 2030 1682 2098 1734; x_wconf 92' lang='lat' dir='ltr'>ab</span> <span class='ocrx_word' id='word_1_163' title='bbox 2159 1682 2273 1734; x_wconf 93' lang='lat' dir='ltr'>eius</span> 
     </span>
     <span class='ocr_line' id='line_1_24' title="bbox 390 1753 2272 1823; baseline 0 -15"><span class='ocrx_word' id='word_1_164' title='bbox 390 1755 657 1808; x_wconf 87' lang='lat' dir='ltr'>famulatu</span> <span class='ocrx_word' id='word_1_165' title='bbox 681 1761 734 1808; x_wconf 93' lang='lat' dir='ltr'>et</span> <span class='ocrx_word' id='word_1_166' title='bbox 757 1755 958 1807; x_wconf 90' lang='lat' dir='ltr'>auxilio</span> <span class='ocrx_word' id='word_1_167' title='bbox 995 1754 1332 1808; x_wconf 91' lang='lat' dir='ltr'>deducuntur</span> <span class='ocrx_word' id='word_1_168' title='bbox 1355 1755 1564 1823; x_wconf 86' lang='lat' dir='ltr'>sibique</span> <span class='ocrx_word' id='word_1_169' title='bbox 1588 1753 1893 1823; x_wconf 88' lang='lat' dir='ltr'>specialiter</span> <span class='ocrx_word' id='word_1_170' title='bbox 1908 1758 2272 1808; x_wconf 78' lang='lat' dir='ltr'>assumuntur.</span> 
     </span>
     <span class='ocr_line' id='line_1_25' title="bbox 392 1825 2275 1880; baseline -0.002 0"><span class='ocrx_word' id='word_1_171' title='bbox 392 1826 478 1880; x_wconf 90' lang='lat' dir='ltr'>Ibi</span> <span class='ocrx_word' id='word_1_172' title='bbox 521 1832 652 1880; x_wconf 93' lang='lat' dir='ltr'>tunc</span> <span class='ocrx_word' id='word_1_173' title='bbox 697 1827 994 1879; x_wconf 83' lang='lat' dir='ltr'>confratres</span> <span class='ocrx_word' id='word_1_174' title='bbox 1047 1827 1112 1879; x_wconf 91' lang='lat' dir='ltr'>de</span> <span class='ocrx_word' id='word_1_175' title='bbox 1164 1828 1489 1880; x_wconf 90' lang='lat' dir='ltr'>monasterio</span> <span class='ocrx_word' id='word_1_176' title='bbox 1536 1825 1735 1879; x_wconf 88' lang='lat' dir='ltr'>Christi</span> <span class='ocrx_word' id='word_1_177' title='bbox 1780 1827 2018 1879; x_wconf 89' lang='lat' dir='ltr'>martiris</span> <span class='ocrx_word' id='word_1_178' title='bbox 2062 1826 2275 1878; x_wconf 89' lang='lat' dir='ltr'>Emme—</span> 
     </span>
     <span class='ocr_line' id='line_1_26' title="bbox 390 1896 2276 1968; baseline -0.001 -17"><span class='ocrx_word' id='word_1_179' title='bbox 390 1899 600 1964; x_wconf 85' lang='lat' dir='ltr'>rammi,</span> <span class='ocrx_word' id='word_1_180' title='bbox 645 1899 789 1967; x_wconf 91' lang='lat' dir='ltr'>quod</span> <span class='ocrx_word' id='word_1_181' title='bbox 822 1898 1076 1951; x_wconf 90' lang='lat' dir='ltr'>Arnulfus</span> <span class='ocrx_word' id='word_1_182' title='bbox 1113 1900 1403 1968; x_wconf 86' lang='lat' dir='ltr'>imperator</span> <span class='ocrx_word' id='word_1_183' title='bbox 1438 1899 1495 1950; x_wconf 92' lang='lat' dir='ltr'>in</span> <span class='ocrx_word' id='word_1_184' title='bbox 1532 1897 1788 1950; x_wconf 87' lang='lat' dir='ltr'>honorem</span> <span class='ocrx_word' id='word_1_185' title='bbox 1827 1899 1940 1950; x_wconf 92' lang='lat' dir='ltr'>eius</span> <span class='ocrx_word' id='word_1_186' title='bbox 1979 1896 2276 1950; x_wconf 85' lang='lat' dir='ltr'>construxit</span> 
     </span>
     <span class='ocr_line' id='line_1_27' title="bbox 390 1968 2273 2039; baseline -0.002 -16"><span class='ocrx_word' id='word_1_187' title='bbox 390 1971 585 2039; x_wconf 88' lang='lat' dir='ltr'>hicque</span> <span class='ocrx_word' id='word_1_188' title='bbox 622 1970 693 2023; x_wconf 90' lang='lat' dir='ltr'>ad</span> <span class='ocrx_word' id='word_1_189' title='bbox 731 1971 1112 2039; x_wconf 74' lang='lat' dir='ltr'>corporalitere</span> <span class='ocrx_word' id='word_1_190' title='bbox 1150 1970 1489 2037; x_wconf 89' lang='lat' dir='ltr'>pausandum</span> <span class='ocrx_word' id='word_1_191' title='bbox 1527 1969 1736 2038; x_wconf 88' lang='lat' dir='ltr'>elegit3,</span> <span class='ocrx_word' id='word_1_192' title='bbox 1776 1970 2103 2022; x_wconf 88' lang='lat' dir='ltr'>unanimiter</span> <span class='ocrx_word' id='word_1_193' title='bbox 2134 1968 2273 2036; x_wconf 87' lang='lat' dir='ltr'>regis</span> 
     </span>
     <span class='ocr_line' id='line_1_28' title="bbox 390 2040 2274 2112; baseline -0.002 -17"><span class='ocrx_word' id='word_1_194' title='bbox 390 2042 615 2112; x_wconf 90' lang='lat' dir='ltr'>pedibus</span> <span class='ocrx_word' id='word_1_195' title='bbox 651 2042 916 2111; x_wconf 88' lang='lat' dir='ltr'>provoluti</span> <span class='ocrx_word' id='word_1_196' title='bbox 958 2060 1022 2094; x_wconf 89' lang='lat' dir='ltr'>ex</span> <span class='ocrx_word' id='word_1_197' title='bbox 1059 2048 1213 2111; x_wconf 88' lang='lat' dir='ltr'>parte</span> <span class='ocrx_word' id='word_1_198' title='bbox 1259 2042 1488 2110; x_wconf 91' lang='lat' dir='ltr'>presulis</span> <span class='ocrx_word' id='word_1_199' title='bbox 1528 2043 1722 2094; x_wconf 89' lang='lat' dir='ltr'>suimet</span> <span class='ocrx_word' id='word_1_200' title='bbox 1759 2041 2060 2094; x_wconf 86' lang='lat' dir='ltr'>Gebehardi</span> <span class='ocrx_word' id='word_1_201' title='bbox 2104 2040 2274 2093; x_wconf 86' lang='lat' dir='ltr'>multa</span> 
     </span>
     <span class='ocr_line' id='line_1_29' title="bbox 390 2113 2273 2182; baseline -0.002 -15"><span class='ocrx_word' id='word_1_202' title='bbox 390 2114 664 2168; x_wconf 82' lang='lat' dir='ltr'>flebiliterf</span> <span class='ocrx_word' id='word_1_203' title='bbox 705 2131 789 2166; x_wconf 90' lang='lat' dir='ltr'>me</span> <span class='ocrx_word' id='word_1_204' title='bbox 839 2113 1025 2166; x_wconf 87' lang='lat' dir='ltr'>eadem</span> <span class='ocrx_word' id='word_1_205' title='bbox 1070 2114 1324 2166; x_wconf 88' lang='lat' dir='ltr'>audiente</span> <span class='ocrx_word' id='word_1_206' title='bbox 1377 2119 1699 2182; x_wconf 91' lang='lat' dir='ltr'>queruntur,</span> <span class='ocrx_word' id='word_1_207' title='bbox 1747 2119 1800 2166; x_wconf 93' lang='lat' dir='ltr'>et</span> <span class='ocrx_word' id='word_1_208' title='bbox 1835 2113 1961 2165; x_wconf 91' lang='lat' dir='ltr'>laici</span> <span class='ocrx_word' id='word_1_209' title='bbox 1997 2119 2273 2182; x_wconf 91' lang='lat' dir='ltr'>presentes</span> 
     </span>
     <span class='ocr_line' id='line_1_30' title="bbox 390 2182 2272 2255; baseline -0.002 -16"><span class='ocrx_word' id='word_1_210' title='bbox 390 2187 597 2255; x_wconf 89' lang='lat' dir='ltr'>magnis</span> <span class='ocrx_word' id='word_1_211' title='bbox 634 2185 1105 2239; x_wconf 88' lang='lat' dir='ltr'>lamentationibus</span> <span class='ocrx_word' id='word_1_212' title='bbox 1143 2185 1248 2238; x_wconf 88' lang='lat' dir='ltr'>hiis</span> <span class='ocrx_word' id='word_1_213' title='bbox 1280 2184 1691 2254; x_wconf 88' lang='lat' dir='ltr'>subsequuntur.</span> <span class='ocrx_word' id='word_1_214' title='bbox 1766 2184 2000 2236; x_wconf 84' lang='lat' dir='ltr'>Difficile</span> <span class='ocrx_word' id='word_1_215' title='bbox 2033 2189 2112 2237; x_wconf 92' lang='lat' dir='ltr'>est</span> <span class='ocrx_word' id='word_1_216' title='bbox 2139 2182 2272 2236; x_wconf 88' lang='lat' dir='ltr'>mihi</span> 
     </span>
     <span class='ocr_line' id='line_1_31' title="bbox 391 2254 2271 2324; baseline -0.002 -13"><span class='ocrx_word' id='word_1_217' title='bbox 391 2275 644 2312; x_wconf 90' lang='lat' dir='ltr'>enarrare</span> <span class='ocrx_word' id='word_1_218' title='bbox 682 2262 735 2310; x_wconf 94' lang='lat' dir='ltr'>et</span> <span class='ocrx_word' id='word_1_219' title='bbox 771 2257 933 2310; x_wconf 88' lang='lat' dir='ltr'>alicui</span> <span class='ocrx_word' id='word_1_220' title='bbox 973 2257 1208 2322; x_wconf 87' lang='lat' dir='ltr'>credere,</span> <span class='ocrx_word' id='word_1_221' title='bbox 1255 2262 1458 2324; x_wconf 85' lang='lat' dir='ltr'>quanta</span> <span class='ocrx_word' id='word_1_222' title='bbox 1496 2256 1561 2308; x_wconf 92' lang='lat' dir='ltr'>de</span> <span class='ocrx_word' id='word_1_223' title='bbox 1598 2256 1698 2308; x_wconf 93' lang='lat' dir='ltr'>hoc</span> <span class='ocrx_word' id='word_1_224' title='bbox 1737 2257 1961 2324; x_wconf 87' lang='lat' dir='ltr'>populus</span> <span class='ocrx_word' id='word_1_225' title='bbox 2009 2256 2112 2308; x_wconf 91' lang='lat' dir='ltr'>sibi</span> <span class='ocrx_word' id='word_1_226' title='bbox 2150 2254 2271 2307; x_wconf 92' lang='lat' dir='ltr'>sub-</span> 
     </span>
     <span class='ocr_line' id='line_1_32' title="bbox 391 2327 2312 2398; baseline -0.002 -16"><span class='ocrx_word' id='word_1_227' title='bbox 391 2329 537 2382; x_wconf 86' lang='lat' dir='ltr'>ditus</span> <span class='ocrx_word' id='word_1_228' title='bbox 568 2329 638 2381; x_wconf 91' lang='lat' dir='ltr'>ad</span> <span class='ocrx_word' id='word_1_229' title='bbox 663 2338 891 2382; x_wconf 75' lang='lat' dir='ltr'>vanamg</span> <span class='ocrx_word' id='word_1_230' title='bbox 922 2329 1273 2398; x_wconf 89' lang='lat' dir='ltr'>*pertinentia</span> <span class='ocrx_word' id='word_1_231' title='bbox 1303 2328 1732 2397; x_wconf 88' lang='lat' dir='ltr'>superstitionem</span> <span class='ocrx_word' id='word_1_232' title='bbox 1763 2329 2079 2396; x_wconf 89' lang='lat' dir='ltr'>animaeque</span> <span class='ocrx_word' id='word_1_233' title='bbox 2108 2327 2272 2379; x_wconf 89' lang='lat' dir='ltr'>detri-</span> <span class='ocrx_word' id='word_1_234' title='bbox 2294 2343 2312 2362; x_wconf 85' lang='lat'>*</span> 
     </span>
     <span class='ocr_line' id='line_1_33' title="bbox 389 2399 2272 2469; baseline -0.002 -15"><span class='ocrx_word' id='word_1_235' title='bbox 389 2407 628 2454; x_wconf 90' lang='lat' dir='ltr'>mentum</span> <span class='ocrx_word' id='word_1_236' title='bbox 667 2418 795 2452; x_wconf 89' lang='lat' dir='ltr'>suae</span> <span class='ocrx_word' id='word_1_237' title='bbox 834 2400 1165 2454; x_wconf 76' lang='lat' dir='ltr'>disserereth.</span> <span class='ocrx_word' id='word_1_238' title='bbox 1241 2400 1354 2452; x_wconf 92' lang='lat' dir='ltr'>Hoc</span> <span class='ocrx_word' id='word_1_239' title='bbox 1393 2400 1566 2454; x_wconf 90' lang='lat' dir='ltr'>solum</span> <span class='ocrx_word' id='word_1_240' title='bbox 1606 2400 1730 2466; x_wconf 91' lang='lat' dir='ltr'>scio,</span> <span class='ocrx_word' id='word_1_241' title='bbox 1771 2399 1913 2469; x_wconf 90' lang='lat' dir='ltr'>quod</span> <span class='ocrx_word' id='word_1_242' title='bbox 1947 2399 2188 2452; x_wconf 90' lang='lat' dir='ltr'>moribus</span> <span class='ocrx_word' id='word_1_243' title='bbox 2218 2402 2272 2451; x_wconf 86' lang='lat' dir='ltr'>et</span> 
     </span>
     <span class='ocr_line' id='line_1_34' title="bbox 388 2468 2271 2541; baseline -0.002 -15"><span class='ocrx_word' id='word_1_244' title='bbox 388 2474 530 2526; x_wconf 88' lang='lat' dir='ltr'>raris</span> <span class='ocrx_word' id='word_1_245' title='bbox 583 2472 932 2541; x_wconf 88' lang='lat' dir='ltr'>apparatibus</span> <span class='ocrx_word' id='word_1_246' title='bbox 984 2473 1109 2525; x_wconf 91' lang='lat' dir='ltr'>huic</span> <span class='ocrx_word' id='word_1_247' title='bbox 1165 2472 1394 2525; x_wconf 90' lang='lat' dir='ltr'>similem</span> <span class='ocrx_word' id='word_1_248' title='bbox 1444 2489 1736 2540; x_wconf 89' lang='lat' dir='ltr'>numquam</span> <span class='ocrx_word' id='word_1_249' title='bbox 1789 2471 1897 2524; x_wconf 88' lang='lat' dir='ltr'>vidi</span> <span class='ocrx_word' id='word_1_250' title='bbox 1961 2471 2156 2540; x_wconf 83' lang='lat' dir='ltr'>nequei</span> <span class='ocrx_word' id='word_1_251' title='bbox 2204 2468 2271 2523; x_wconf 89' lang='lat' dir='ltr'>de</span> 
     </span>
     <span class='ocr_line' id='line_1_35' title="bbox 389 2542 2270 2614; baseline -0.003 -16"><span class='ocrx_word' id='word_1_252' title='bbox 389 2544 784 2614; x_wconf 89' lang='lat' dir='ltr'>antiquioribus</span> <span class='ocrx_word' id='word_1_253' title='bbox 830 2544 1027 2597; x_wconf 89' lang='lat' dir='ltr'>audivi.</span> <span class='ocrx_word' id='word_1_254' title='bbox 1109 2543 1165 2596; x_wconf 80' lang='lat' dir='ltr'>Si</span> <span class='ocrx_word' id='word_1_255' title='bbox 1208 2544 1469 2596; x_wconf 90' lang='lat' dir='ltr'>interiora</span> <span class='ocrx_word' id='word_1_256' title='bbox 1521 2543 1876 2596; x_wconf 87' lang='lat' dir='ltr'>exterioribus</span> <span class='ocrx_word' id='word_1_257' title='bbox 1931 2542 2270 2607; x_wconf 90' lang='lat' dir='ltr'>concordant,</span> 
     </span>
     <span class='ocr_line' id='line_1_36' title="bbox 390 2614 2270 2683; baseline -0.002 -13"><span class='ocrx_word' id='word_1_258' title='bbox 390 2622 487 2670; x_wconf 89' lang='lat' dir='ltr'>aut</span> <span class='ocrx_word' id='word_1_259' title='bbox 531 2616 721 2669; x_wconf 91' lang='lat' dir='ltr'>melior</span> <span class='ocrx_word' id='word_1_260' title='bbox 765 2621 846 2668; x_wconf 92' lang='lat' dir='ltr'>est</span> <span class='ocrx_word' id='word_1_261' title='bbox 890 2616 1118 2669; x_wconf 90' lang='lat' dir='ltr'>caeteris</span> <span class='ocrx_word' id='word_1_262' title='bbox 1165 2614 1297 2668; x_wconf 88' lang='lat' dir='ltr'>aut4</span> <span class='ocrx_word' id='word_1_263' title='bbox 1340 2615 1496 2682; x_wconf 90' lang='lat' dir='ltr'>longe</span> <span class='ocrx_word' id='word_1_264' title='bbox 1540 2615 1776 2668; x_wconf 88' lang='lat' dir='ltr'>inferior.</span> <span class='ocrx_word' id='word_1_265' title='bbox 1865 2614 2075 2683; x_wconf 91' lang='lat' dir='ltr'>Optime</span> <span class='ocrx_word' id='word_1_266' title='bbox 2119 2614 2270 2683; x_wconf 90' lang='lat' dir='ltr'>prius</span> 
     </span>
     <span class='ocr_line' id='line_1_37' title="bbox 390 2686 2269 2742; baseline -0.003 0"><span class='ocrx_word' id='word_1_267' title='bbox 390 2689 538 2742; x_wconf 85' lang='lat' dir='ltr'>culta</span> <span class='ocrx_word' id='word_1_268' title='bbox 590 2687 807 2740; x_wconf 90' lang='lat' dir='ltr'>diruens</span> <span class='ocrx_word' id='word_1_269' title='bbox 866 2688 1014 2740; x_wconf 89' lang='lat' dir='ltr'>novis</span> <span class='ocrx_word' id='word_1_270' title='bbox 1066 2687 1284 2740; x_wconf 91' lang='lat' dir='ltr'>insudat</span> <span class='ocrx_word' id='word_1_271' title='bbox 1341 2687 1590 2739; x_wconf 90' lang='lat' dir='ltr'>maximis</span> <span class='ocrx_word' id='word_1_272' title='bbox 1643 2686 1932 2741; x_wconf 72' lang='lat' dir='ltr'>laboribus</span> <span class='ocrx_word' id='word_1_273' title='bbox 2031 2687 2269 2739; x_wconf 89' lang='lat' dir='ltr'>Patriam</span> 
     </span>
     <span class='ocr_line' id='line_1_38' title="bbox 390 2758 2269 2826; baseline -0.002 -13"><span class='ocrx_word' id='word_1_274' title='bbox 390 2778 506 2813; x_wconf 89' lang='lat' dir='ltr'>cum</span> <span class='ocrx_word' id='word_1_275' title='bbox 545 2760 839 2813; x_wconf 89' lang='lat' dir='ltr'>commissis</span> <span class='ocrx_word' id='word_1_276' title='bbox 877 2759 1090 2824; x_wconf 87' lang='lat' dir='ltr'>deserit,</span> <span class='ocrx_word' id='word_1_277' title='bbox 1129 2759 1320 2823; x_wconf 90' lang='lat' dir='ltr'>aliena,</span> <span class='ocrx_word' id='word_1_278' title='bbox 1362 2763 1417 2811; x_wconf 92' lang='lat' dir='ltr'>et</span> <span class='ocrx_word' id='word_1_279' title='bbox 1443 2758 1687 2826; x_wconf 89' lang='lat' dir='ltr'>quamvis</span> <span class='ocrx_word' id='word_1_280' title='bbox 1716 2758 1869 2826; x_wconf 92' lang='lat' dir='ltr'>longe</span> <span class='ocrx_word' id='word_1_281' title='bbox 1909 2763 2048 2822; x_wconf 91' lang='lat' dir='ltr'>sunt,</span> <span class='ocrx_word' id='word_1_282' title='bbox 2086 2774 2269 2825; x_wconf 89' lang='lat' dir='ltr'>super-</span> 
     </span>
     <span class='ocr_line' id='line_1_39' title="bbox 388 2829 2269 2899; baseline -0.002 -14"><span class='ocrx_word' id='word_1_283' title='bbox 388 2833 570 2886; x_wconf 85' lang='lat' dir='ltr'>vacuis</span> <span class='ocrx_word' id='word_1_284' title='bbox 594 2830 829 2884; x_wconf 90' lang='lat' dir='ltr'>cultibus</span> <span class='ocrx_word' id='word_1_285' title='bbox 854 2833 994 2885; x_wconf 88' lang='lat' dir='ltr'>colit.</span> <span class='ocrx_word' id='word_1_286' title='bbox 1037 2831 1205 2883; x_wconf 89' lang='lat' dir='ltr'>Deum</span> <span class='ocrx_word' id='word_1_287' title='bbox 1229 2835 1411 2894; x_wconf 83' lang='lat' dir='ltr'>testor,</span> <span class='ocrx_word' id='word_1_288' title='bbox 1439 2829 1584 2898; x_wconf 90' lang='lat' dir='ltr'>quod</span> <span class='ocrx_word' id='word_1_289' title='bbox 1601 2847 1704 2883; x_wconf 89' lang='lat' dir='ltr'>non</span> <span class='ocrx_word' id='word_1_290' title='bbox 1720 2829 1788 2882; x_wconf 90' lang='lat' dir='ltr'>ob</span> <span class='ocrx_word' id='word_1_291' title='bbox 1803 2830 2269 2899; x_wconf 90' lang='lat' dir='ltr'>reprehensionem</span> 
     </span>
     <span class='ocr_line' id='line_1_40' title="bbox 389 2901 2269 2971; baseline -0.002 -14"><span class='ocrx_word' id='word_1_292' title='bbox 389 2905 473 2957; x_wconf 92' lang='lat' dir='ltr'>sui</span> <span class='ocrx_word' id='word_1_293' title='bbox 509 2908 717 2957; x_wconf 87' lang='lat' dir='ltr'>tantum</span> <span class='ocrx_word' id='word_1_294' title='bbox 750 2903 882 2955; x_wconf 90' lang='lat' dir='ltr'>haec</span> <span class='ocrx_word' id='word_1_295' title='bbox 911 2903 1120 2971; x_wconf 86' lang='lat' dir='ltr'>loquor,</span> <span class='ocrx_word' id='word_1_296' title='bbox 1148 2934 1219 2941; x_wconf 89' lang='lat'>—</span> <span class='ocrx_word' id='word_1_297' title='bbox 1247 2903 1374 2971; x_wconf 92' lang='lat' dir='ltr'>quia</span> <span class='ocrx_word' id='word_1_298' title='bbox 1410 2906 1596 2954; x_wconf 89' lang='lat' dir='ltr'>nostra</span> <span class='ocrx_word' id='word_1_299' title='bbox 1625 2901 1894 2970; x_wconf 86' lang='lat' dir='ltr'>fragilitas</span> <span class='ocrx_word' id='word_1_300' title='bbox 1925 2902 1981 2953; x_wconf 91' lang='lat' dir='ltr'>in</span> <span class='ocrx_word' id='word_1_301' title='bbox 2011 2901 2269 2970; x_wconf 88' lang='lat' dir='ltr'>proximis</span> 
     </span>
    </p>
   </div>
   <div class='ocr_carea' id='block_1_6' title="bbox 484 3038 2269 3213">
    <p class='ocr_par' dir='ltr' id='par_1_7' title="bbox 484 3038 2269 3213">
     <span class='ocr_line' id='line_1_41' title="bbox 484 3038 2269 3096; baseline -0.002 -11"><span class='ocrx_word' id='word_1_302' title='bbox 484 3041 531 3095; x_wconf 66' lang='lat'>²³²)</span> <span class='ocrx_word' id='word_1_303' title='bbox 562 3042 717 3085; x_wconf 82' lang='lat' dir='ltr'>Eraso</span> <span class='ocrx_word' id='word_1_304' title='bbox 745 3053 836 3084; x_wconf 78' lang='lat' dir='ltr'>uno</span> <span class='ocrx_word' id='word_1_305' title='bbox 865 3053 1012 3092; x_wconf 78' lang='lat' dir='ltr'>versu,</span> <span class='ocrx_word' id='word_1_306' title='bbox 1050 3040 1131 3096; x_wconf 75' lang='lat' dir='ltr'>qui</span> <span class='ocrx_word' id='word_1_307' title='bbox 1155 3040 1205 3083; x_wconf 74' lang='lat' dir='ltr'>in</span> <span class='ocrx_word' id='word_1_308' title='bbox 1235 3040 1436 3095; x_wconf 73' lang='lat' dir='ltr'>maryine</span> <span class='ocrx_word' id='word_1_309' title='bbox 1466 3039 1650 3083; x_wconf 74' lang='lat' dir='ltr'>sinistro</span> <span class='ocrx_word' id='word_1_310' title='bbox 1681 3044 1722 3083; x_wconf 80' lang='lat' dir='ltr'>et</span> <span class='ocrx_word' id='word_1_311' title='bbox 1751 3039 1870 3082; x_wconf 74' lang='lat' dir='ltr'>inter</span> <span class='ocrx_word' id='word_1_312' title='bbox 1899 3039 2043 3083; x_wconf 76' lang='lat' dir='ltr'>lineas</span> <span class='ocrx_word' id='word_1_313' title='bbox 2071 3038 2269 3093; x_wconf 75' lang='lat' dir='ltr'>scriptus</span> 
     </span>
     <span class='ocr_line' id='line_1_42' title="bbox 561 3094 2268 3198; baseline -0.002 -56"><span class='ocrx_word' id='word_1_314' title='bbox 561 3104 671 3166; x_wconf 61' lang='lat' dir='ltr'>erat,</span> <span class='ocrx_word' id='word_1_315' title='bbox 701 3099 750 3142; x_wconf 78' lang='lat' dir='ltr'>in</span> <span class='ocrx_word' id='word_1_316' title='bbox 769 3099 866 3198; x_wconf 51' lang='lat' dir='ltr'>sim?</span> <span class='ocrx_word' id='word_1_317' title='bbox 897 3098 1099 3152; x_wconf 63' lang='lat' dir='ltr'>margine</span> <span class='ocrx_word' id='word_1_318' title='bbox 1130 3097 1237 3141; x_wconf 81' lang='lat' dir='ltr'>add.</span> <span class='ocrx_word' id='word_1_319' title='bbox 1262 3097 1326 3141; x_wconf 88' lang='lat' dir='ltr'>N.-</span> <span class='ocrx_word' id='word_1_320' title='bbox 1357 3096 1412 3139; x_wconf 88' lang='grc'>111</span> <span class='ocrx_word' id='word_1_321' title='bbox 1443 3095 1598 3140; x_wconf 89' lang='lat' dir='ltr'>diebus</span> <span class='ocrx_word' id='word_1_322' title='bbox 1629 3095 1722 3138; x_wconf 88' lang='lat' dir='ltr'>illis</span> <span class='ocrx_word' id='word_1_323' title='bbox 1753 3095 1884 3139; x_wconf 87' lang='lat' dir='ltr'>famis</span> <span class='ocrx_word' id='word_1_324' title='bbox 1915 3109 2080 3151; x_wconf 84' lang='lat' dir='ltr'>magna</span> <span class='ocrx_word' id='word_1_325' title='bbox 2107 3095 2156 3139; x_wconf 92' lang='lat' dir='ltr'>in</span> <span class='ocrx_word' id='word_1_326' title='bbox 2184 3094 2268 3139; x_wconf 82' lang='lat' dir='ltr'>hac</span> 
     </span>
     <span class='ocr_line' id='line_1_43' title="bbox 560 3169 871 3213; baseline -0.003 -14"><span class='ocrx_word' id='word_1_327' title='bbox 560 3169 740 3213; x_wconf 80' lang='lat' dir='ltr'>reglone</span> <span class='ocrx_word' id='word_1_328' title='bbox 788 3169 835 3198; x_wconf 89' lang='grc'>111</span> <span class='ocrx_word' id='word_1_329' title='bbox 862 3187 871 3198; x_wconf 94' lang='grc'><strong><em>.</em></strong></span> 
     </span>
    </p>
   </div>
   <div class='ocr_carea' id='block_1_7' title="bbox 389 3271 2269 3394">
    <p class='ocr_par' dir='ltr' id='par_1_8' title="bbox 389 3271 2269 3394">
     <span class='ocr_line' id='line_1_44' title="bbox 390 3271 2269 3318; baseline -0.002 -11"><span class='ocrx_word' id='word_1_330' title='bbox 390 3275 425 3318; x_wconf 83' lang='lat' dir='ltr'>a)</span> <span class='ocrx_word' id='word_1_331' title='bbox 446 3285 579 3316; x_wconf 77' lang='lat' dir='ltr'>magna</span> <span class='ocrx_word' id='word_1_332' title='bbox 601 3278 646 3309; x_wconf 90' lang='lat' dir='ltr'>B.</span> <span class='ocrx_word' id='word_1_333' title='bbox 741 3274 780 3317; x_wconf 90' lang='lat' dir='ltr'>b)</span> <span class='ocrx_word' id='word_1_334' title='bbox 803 3275 1002 3315; x_wconf 86' lang='lat' dir='ltr'>perducim’</span> <span class='ocrx_word' id='word_1_335' title='bbox 1027 3276 1057 3308; x_wconf 90' lang='lat'>1.</span> <span class='ocrx_word' id='word_1_336' title='bbox 1153 3273 1187 3316; x_wconf 86' lang='grc'>0)</span> <span class='ocrx_word' id='word_1_337' title='bbox 1208 3275 1253 3307; x_wconf 80' lang='lat' dir='ltr'>ab</span> <span class='ocrx_word' id='word_1_338' title='bbox 1276 3275 1321 3306; x_wconf 92' lang='lat' dir='ltr'>B.</span> <span class='ocrx_word' id='word_1_339' title='bbox 1427 3272 1464 3313; x_wconf 85' lang='lat' dir='ltr'>d)</span> <span class='ocrx_word' id='word_1_340' title='bbox 1488 3274 1625 3306; x_wconf 78' lang='lat' dir='ltr'>tertium</span> <span class='ocrx_word' id='word_1_341' title='bbox 1646 3274 1660 3304; x_wconf 89' lang='lat' dir='ltr'>i</span> <span class='ocrx_word' id='word_1_342' title='bbox 1682 3274 1766 3306; x_wconf 83' lang='lat' dir='ltr'>add.</span> <span class='ocrx_word' id='word_1_343' title='bbox 1787 3275 1826 3306; x_wconf 98' lang='lat' dir='ltr'>T.</span> <span class='ocrx_word' id='word_1_344' title='bbox 1924 3272 1958 3313; x_wconf 89' lang='grc'>0)</span> <span class='ocrx_word' id='word_1_345' title='bbox 1983 3271 2216 3313; x_wconf 64' lang='lat' dir='ltr'>corporaliter</span> <span class='ocrx_word' id='word_1_346' title='bbox 2236 3273 2269 3304; x_wconf 92' lang='lat' dir='ltr'><strong><em>B</em></strong></span> 
     </span>
     <span class='ocr_line' id='line_1_45' title="bbox 389 3316 2269 3394; baseline -0.002 -43"><span class='ocrx_word' id='word_1_347' title='bbox 389 3321 541 3394; x_wconf 49' lang='lat' dir='ltr'>mini-3.</span> <span class='ocrx_word' id='word_1_348' title='bbox 647 3319 677 3361; x_wconf 85' lang='lat' dir='ltr'>f)</span> <span class='ocrx_word' id='word_1_349' title='bbox 706 3319 848 3352; x_wconf 84' lang='lat' dir='ltr'>flebiter</span> <span class='ocrx_word' id='word_1_350' title='bbox 871 3321 903 3350; x_wconf 90' lang='lat'>1.</span> <span class='ocrx_word' id='word_1_351' title='bbox 1016 3317 1054 3359; x_wconf 85' lang='lat' dir='ltr'>g)</span> <span class='ocrx_word' id='word_1_352' title='bbox 1084 3326 1195 3350; x_wconf 77' lang='lat' dir='ltr'>unam</span> <span class='ocrx_word' id='word_1_353' title='bbox 1217 3319 1260 3358; x_wconf 90' lang='lat' dir='ltr'>B,</span> <span class='ocrx_word' id='word_1_354' title='bbox 1283 3326 1305 3348; x_wconf 84' lang='lat' dir='ltr'>a</span> <span class='ocrx_word' id='word_1_355' title='bbox 1328 3316 1413 3349; x_wconf 79' lang='lat' dir='ltr'>add.</span> <span class='ocrx_word' id='word_1_356' title='bbox 1434 3318 1473 3348; x_wconf 93' lang='lat' dir='ltr'>T.</span> <span class='ocrx_word' id='word_1_357' title='bbox 1583 3317 1624 3359; x_wconf 91' lang='lat' dir='ltr'>h)</span> <span class='ocrx_word' id='word_1_358' title='bbox 1652 3319 1797 3349; x_wconf 77' lang='lat' dir='ltr'>alterum</span> <span class='ocrx_word' id='word_1_359' title='bbox 1821 3325 1839 3348; x_wconf 85' lang='lat' dir='ltr'>s</span> <span class='ocrx_word' id='word_1_360' title='bbox 1862 3316 1946 3349; x_wconf 83' lang='lat' dir='ltr'>add.</span> <span class='ocrx_word' id='word_1_361' title='bbox 1970 3317 2010 3348; x_wconf 90' lang='lat' dir='ltr'>T.</span> <span class='ocrx_word' id='word_1_362' title='bbox 2118 3316 2146 3357; x_wconf 85' lang='lat' dir='ltr'>i)</span> <span class='ocrx_word' id='word_1_363' title='bbox 2168 3318 2205 3347; x_wconf 81' lang='grc'>01</span> <span class='ocrx_word' id='word_1_364' title='bbox 2225 3316 2269 3356; x_wconf 89' lang='grc' dir='ltr'>Β,</span> 
     </span>
    </p>
   </div>
   <div class='ocr_carea' id='block_1_8' title="bbox 389 3459 2268 3688">
    <p class='ocr_par' dir='ltr' id='par_1_9' title="bbox 389 3459 2268 3688">
     <span class='ocr_line' id='line_1_46' title="bbox 391 3459 2267 3518; baseline -0.002 -13"><span class='ocrx_word' id='word_1_365' title='bbox 391 3462 435 3514; x_wconf 91' lang='grc'>1)</span> <span class='ocrx_word' id='word_1_366' title='bbox 466 3463 686 3518; x_wconf 72' lang='lat' dir='ltr'>Neubury</span> <span class='ocrx_word' id='word_1_367' title='bbox 711 3463 772 3507; x_wconf 81' lang='lat' dir='ltr'>ad</span> <span class='ocrx_word' id='word_1_368' title='bbox 794 3462 1077 3506; x_wconf 75' lang='lat' dir='ltr'>Danubium.</span> <span class='ocrx_word' id='word_1_369' title='bbox 1110 3464 1166 3505; x_wconf 89' lang='lat' dir='ltr'>L.</span> <span class='ocrx_word' id='word_1_370' title='bbox 1236 3460 1279 3514; x_wconf 80' lang='lat'>2)</span> <span class='ocrx_word' id='word_1_371' title='bbox 1305 3462 1475 3505; x_wconf 77' lang='lat' dir='ltr'>Frater</span> <span class='ocrx_word' id='word_1_372' title='bbox 1495 3461 1695 3516; x_wconf 70' lang='lat' dir='ltr'>reyinae,</span> <span class='ocrx_word' id='word_1_373' title='bbox 1719 3473 1838 3504; x_wconf 86' lang='lat' dir='ltr'>anno</span> <span class='ocrx_word' id='word_1_374' title='bbox 1863 3461 1974 3505; x_wconf 84' lang='lat'>1004</span> <span class='ocrx_word' id='word_1_375' title='bbox 1997 3460 2090 3503; x_wconf 73' lang='lat' dir='ltr'>dux</span> <span class='ocrx_word' id='word_1_376' title='bbox 2112 3459 2267 3503; x_wconf 83' lang='lat' dir='ltr'>Bava-</span> 
     </span>
     <span class='ocr_line' id='line_1_47' title="bbox 389 3517 2268 3575; baseline -0.001 -13"><span class='ocrx_word' id='word_1_377' title='bbox 389 3521 485 3563; x_wconf 79' lang='lat' dir='ltr'>riae</span> <span class='ocrx_word' id='word_1_378' title='bbox 519 3521 787 3564; x_wconf 75' lang='lat' dir='ltr'>constitutus</span> <span class='ocrx_word' id='word_1_379' title='bbox 817 3521 876 3570; x_wconf 85' lang='lat' dir='ltr'>(v.</span> <span class='ocrx_word' id='word_1_380' title='bbox 908 3533 1053 3574; x_wconf 71' lang='lat' dir='ltr'>supra</span> <span class='ocrx_word' id='word_1_381' title='bbox 1083 3533 1120 3563; x_wconf 87' lang='grc'>0.</span> <span class='ocrx_word' id='word_1_382' title='bbox 1143 3518 1203 3571; x_wconf 87' lang='grc'>3),</span> <span class='ocrx_word' id='word_1_383' title='bbox 1246 3519 1326 3575; x_wconf 79' lang='lat' dir='ltr'>qui</span> <span class='ocrx_word' id='word_1_384' title='bbox 1352 3523 1461 3562; x_wconf 77' lang='lat' dir='ltr'>tunc</span> <span class='ocrx_word' id='word_1_385' title='bbox 1485 3518 1743 3573; x_wconf 71' lang='lat' dir='ltr'>proditione</span> <span class='ocrx_word' id='word_1_386' title='bbox 1774 3518 1870 3561; x_wconf 77' lang='lat' dir='ltr'>eius</span> <span class='ocrx_word' id='word_1_387' title='bbox 1901 3531 1931 3560; x_wconf 83' lang='lat' dir='ltr'>a</span> <span class='ocrx_word' id='word_1_388' title='bbox 1959 3530 2061 3573; x_wconf 66' lang='grc' dir='ltr'>φερε</span> <span class='ocrx_word' id='word_1_389' title='bbox 2091 3517 2268 3571; x_wconf 74' lang='lat' dir='ltr'>coynita</span> 
     </span>
     <span class='ocr_line' id='line_1_48' title="bbox 389 3572 2266 3632; baseline -0.004 -8"><span class='ocrx_word' id='word_1_390' title='bbox 389 3576 446 3624; x_wconf 88' lang='lat' dir='ltr'>(c.</span> <span class='ocrx_word' id='word_1_391' title='bbox 470 3577 547 3627; x_wconf 83' lang='lat'>35)</span> <span class='ocrx_word' id='word_1_392' title='bbox 576 3582 728 3632; x_wconf 77' lang='lat' dir='ltr'>aperte</span> <span class='ocrx_word' id='word_1_393' title='bbox 757 3577 1016 3621; x_wconf 73' lang='lat' dir='ltr'>seditionem</span> <span class='ocrx_word' id='word_1_394' title='bbox 1037 3574 1207 3630; x_wconf 79' lang='lat' dir='ltr'>fratris</span> <span class='ocrx_word' id='word_1_395' title='bbox 1237 3576 1314 3621; x_wconf 73' lang='lat' dir='ltr'>sui</span> <span class='ocrx_word' id='word_1_396' title='bbox 1335 3576 1524 3619; x_wconf 76' lang='lat' dir='ltr'>adiuvit.</span> <span class='ocrx_word' id='word_1_397' title='bbox 1640 3575 1683 3628; x_wconf 86' lang='lat'>3)</span> <span class='ocrx_word' id='word_1_398' title='bbox 1716 3574 1786 3629; x_wconf 80' lang='lat' dir='ltr'>C&#39;f.</span> <span class='ocrx_word' id='word_1_399' title='bbox 1808 3575 2059 3628; x_wconf 65' lang='lat' dir='ltr'>Dammler‚</span> <span class='ocrx_word' id='word_1_400' title='bbox 2091 3572 2266 3618; x_wconf 65' lang='lat' dir='ltr'>‘Gesch</span> 
     </span>
     <span class='ocr_line' id='line_1_49' title="bbox 391 3632 2111 3688; baseline -0.001 -12"><span class='ocrx_word' id='word_1_401' title='bbox 391 3633 469 3677; x_wconf 80' lang='lat' dir='ltr'>des</span> <span class='ocrx_word' id='word_1_402' title='bbox 501 3633 729 3688; x_wconf 70' lang='lat' dir='ltr'>Ostfrc&#39;ink.</span> <span class='ocrx_word' id='word_1_403' title='bbox 755 3634 961 3677; x_wconf 70' lang='lat' dir='ltr'>Reickes&#39;</span> <span class='ocrx_word' id='word_1_404' title='bbox 993 3635 1094 3688; x_wconf 88' lang='lat' dir='ltr'>III,</span> <span class='ocrx_word' id='word_1_405' title='bbox 1124 3634 1222 3678; x_wconf 85' lang='lat'>474.</span> <span class='ocrx_word' id='word_1_406' title='bbox 1337 3632 1381 3687; x_wconf 90' lang='lat'>4)</span> <span class='ocrx_word' id='word_1_407' title='bbox 1414 3632 1485 3677; x_wconf 80' lang='lat' dir='ltr'>Sc.</span> <span class='ocrx_word' id='word_1_408' title='bbox 1518 3633 1561 3676; x_wconf 78' lang='lat' dir='ltr'>si</span> <span class='ocrx_word' id='word_1_409' title='bbox 1588 3645 1677 3676; x_wconf 86' lang='lat' dir='ltr'>non</span> <span class='ocrx_word' id='word_1_410' title='bbox 1709 3632 1993 3677; x_wconf 79' lang='lat' dir='ltr'>concordant.</span> <span class='ocrx_word' id='word_1_411' title='bbox 2051 3632 2111 3676; x_wconf 84' lang='lat' dir='ltr'>L.</span> 
     </span>
    </p>
   </div>
   <div class='ocr_carea' id='block_1_9' title="bbox 2454 0 2456 1350">
    <p class='ocr_par' dir='ltr' id='par_1_10' title="bbox 2454 0 2456 1350">
     <span class='ocr_line' id='line_1_50' title="bbox 2454 0 2456 1350; baseline 0 0"><span class='ocrx_word' id='word_1_412' title='bbox 2454 0 2456 1350; x_wconf 95' lang='lat' dir='ltr'> </span> 
     </span>
    </p>
   </div>
   <div class='ocr_carea' id='block_1_10' title="bbox 2292 0 2456 4036">
    <p class='ocr_par' dir='ltr' id='par_1_11' title="bbox 2292 0 2456 4036">
     <span class='ocr_line' id='line_1_51' title="bbox 2292 0 2456 4036; baseline 0 0"><span class='ocrx_word' id='word_1_413' title='bbox 2292 0 2456 4036; x_wconf 95' lang='lat' dir='ltr'> </span> 
     </span>
    </p>
   </div>
  </div>
 </body>
</html>
