2456 4036
262 375 374 420 1004

244 430 342 471 Sept.
359 433 392 465 8.

215 2377 313 2420 (Oct.
329 2376 398 2419 25).

418 239 500 283 142
927 233 1263 279 THIETMARI
1292 232 1507 278 CHRON.
1567 233 1680 277 LIB.
1711 233 1789 278 VI.

417 382 533 416 rum
571 362 1048 430 transgressionem
1085 364 1451 427 preceptorum
1481 358 1715 423 indulsit,
1754 357 1991 411 Heinrici
2021 359 2289 427 quondam

417 434 764 498 marchionis,
816 449 955 484 nunc
1001 436 1202 494 autem,
1257 436 1318 482 ut
1362 445 1541 498 spem,
1586 447 1707 482 vere
1750 430 2062 498 penitentiS,
2117 431 2291 483 senior

415 506 714 568 karissime,
751 501 1071 564 misereariS,
1109 501 1321 553 vincula
1359 501 1531 554 solvas
1571 508 1623 553 et
1661 501 1889 569 gratiam
1920 500 2101 565 doneS,
2140 506 2200 553 ut
2229 517 2291 554 eo

415 576 655 630 liberiori
692 574 871 626 animo
920 571 1080 623 hodie
1118 571 1291 624 Deum
1337 572 1666 640 interpelles:
1720 571 1947 624 ‘dimitte
1984 572 2138 624 nobis
2176 571 2293 625 *de-

416 648 530 700 bita
581 644 782 698 nostra’
844 648 897 695 et
955 641 1194 711 reliqua.’
1292 643 1409 695 Hac
1466 661 1561 695 rex
1620 643 1986 696 exhortatione
2047 643 2293 696 lacrima-

415 718 595 771 biliter
642 714 865 783 profusa
910 713 1153 782 placatus
1203 715 1280 767 sic
1337 731 1392 766 se
1440 713 1708 767 facturum
1763 714 1988 768 firmiter
2041 731 2293 783 spospon-

417 789 527 842 dita
565 791 619 838 et
654 791 775 854 post
812 787 941 838 haec
980 785 1195 838 domum
1237 786 1452 838 veniens
1495 786 1918 839 misericorditer
1964 785 2292 855 adimplevit.

561 858 642 911 14.
704 856 838 926 (11.)
932 856 1159 909 Statutis
1224 861 1353 909 tunc
1421 856 1653 910 ibidemb
1722 856 1967 910 omnibus
2026 857 2294 910 Bawarios

416 930 629 982 domum
688 929 910 981 remisit.
1009 928 1130 997 Ipse
1193 926 1355 999 [vero]
1419 945 1534 981 cum
1587 929 1923 982 Boemiorum
1975 927 2108 981 duce
2159 945 2292 981 novo

417 1001 710 1070 MilzienOS‚
759 1000 851 1068 qui
895 1003 1010 1051 tum
1056 998 1159 1052 sibi
1196 999 1346 1052 fuere
1384 1000 1630 1068 proximi,
1676 1001 1934 1052 terminos
1977 1018 2073 1068 per
2108 998 2296 1051 ineffa-

416 1072 576 1124 bilem
615 1072 825 1124 itineris
863 1070 1233 1124 difficultatem
1273 1070 1458 1124 adiens
1497 1071 1737 1124 Budusin
1774 1071 1997 1124 urbeml
2036 1069 2293 1139 possedit.

419 1143 523 1197 Sed
568 1161 687 1196 cum
733 1143 788 1195 in
833 1159 941 1195 una
987 1143 1194 1195 dierum
1239 1160 1667 1212 unumquemque
1714 1144 1908 1196 suimet
1950 1142 2188 1194 fidelium
2225 1141 2295 1194 ad

417 1214 824 1284 expugnandam
877 1213 1099 1267 eandem
1148 1215 1425 1279 incitaret,
1479 1213 1547 1266 ab
1593 1232 1700 1267 uno
1747 1212 2171 1285 sagittario[rum
2217 1210 2297 1284 e]⁰

415 1286 853 1356 propugnaculiS‚
915 1286 971 1337 ni
1024 1285 1203 1338 divina
1254 1285 1616 1339 custodiretur
1672 1286 2026 1355 providentia,
2081 1286 2296 1337 vulnere

415 1359 684 1426 inproviso
721 1356 1004 1412 lederetur.
1080 1357 1232 1421 Quod
1272 1357 1369 1422 illi,
1410 1358 1500 1426 qui
1531 1374 1682 1410 secus
1714 1374 1768 1410 se
1800 1358 1977 1411 stabat
2005 1357 2296 1426 proximuS,

416 1430 602 1483 nocuit
655 1434 708 1482 et
757 1430 1091 1498 propositum
1143 1429 1348 1482 inimici
1400 1429 1455 1481 in
1508 1429 1614 1482 alio
1656 1430 1872 1498 peregit.
1961 1429 2075 1481 Rex
2118 1432 2298 1480 autem

418 1502 623 1555 elevato
675 1500 745 1554 ad
792 1501 959 1553 Deum
1017 1500 1178 1553 corde
1223 1501 1452 1568 supplici
1503 1500 1643 1553 hunc
1687 1500 1894 1564 laudat,
1948 1501 2040 1568 qui
2085 1499 2299 1552 solitam

417 1573 635 1642 pietatis
672 1571 1002 1640 vigilantiam
1049 1571 1151 1624 sibi
1195 1572 1443 1625 inmerito
1482 1572 1750 1625 revelavit.
1834 1571 1976 1624 Urbs
2012 1588 2135 1624 vero
2179 1587 2299 1638 pre-

418 1645 534 1698 fata
577 1645 699 1712 igne
743 1644 851 1695 iam
895 1643 1182 1712 adportato
1229 1643 1507 1697 combusta
1557 1644 1778 1709 iaceret,
1838 1644 1895 1696 ni
1945 1642 2046 1696 hoc
2093 1642 2299 1695 Gunce-

416 1717 514 1770 lini
550 1715 872 1768 marchionis
908 1715 1075 1767 iussio
1113 1714 1352 1769 infausta
1396 1715 1721 1784 prohiberet.

565 1790 647 1843 15.
710 1787 1074 1840 Vulnerantur
1123 1787 1348 1840 invicem
1411 1787 1569 1839 multi
1634 1793 1690 1839 et
1747 1786 1989 1839 nonnulli
2038 1783 2300 1854 perempti

422 1865 562 1915 sunt.
659 1859 739 1911 Ex
790 1859 990 1912 nostris
1043 1863 1224 1911 autem
1277 1877 1414 1911 unus
1466 1859 1662 1911 nobilis
1716 1863 1769 1911 et
1821 1875 2011 1926 genere
2064 1861 2117 1909 et
2159 1854 2302 1908 virili

422 1931 846 1996 conversatione,
894 1930 1133 1982 Hemuza
1178 1931 1414 1996 nomine,
1463 1947 1582 1983 cum
1628 1930 1862 1983 urbanos
1908 1929 2094 1982 crebro
2134 1931 2302 1980 certa-

421 2005 562 2056 mine
599 2008 909 2072 provocatos
947 2019 1080 2070 pene
1118 2019 1287 2069 usque
1326 2002 1395 2054 ad
1436 2020 1618 2056 muros
1656 2002 2042 2070 insequeretur,
2081 1999 2302 2052 molaris

421 2074 642 2128 dimidio
687 2073 883 2143 lapidis
922 2072 1043 2142 *per
1086 2073 1354 2141 galeatum
1400 2079 1563 2142 caput
1607 2078 1909 2141 prostratus
1954 2072 2022 2126 ab
2069 2071 2302 2123 inimicis

420 2146 805 2199 insultantibus
857 2146 912 2197 in
964 2145 1152 2198 urbem
1205 2151 1450 2198 mortuus
1505 2145 1751 2198 trahitur.
1848 2144 2022 2197 Huius
2075 2142 2301 2196 cadaver

428 2218 712 2272 Heinricus
762 2234 960 2282 comes,
1010 2216 1181 2269 frater
1228 2234 1398 2280 meuS,
1449 2217 1600 2270 cuius
1649 2217 1694 2269 is
1743 2216 1895 2269 miles
1942 2215 2068 2280 fuit,
2122 2214 2303 2282 precio

422 2295 790 2358 comparatum
836 2289 904 2341 ad
948 2289 1180 2357 patriam
1227 2289 1453 2342 reduxit.
1534 2289 1684 2340 Alter
1721 2305 1867 2352 verO,
1919 2289 2010 2356 qui
2056 2285 2124 2339 ob
2170 2285 2301 2338 assi-

423 2362 625 2415 duumd
661 2360 959 2414 venationis
1005 2360 1323 2412 exercicium
1370 2359 1661 2412 indomitus
1699 2359 1957 2411 Tommo3
1993 2357 2300 2422 vocabatur,

426 2434 553 2486 dum
591 2434 647 2485 in
687 2432 900 2502 Sprewa
938 2431 1155 2484 flumine
1192 2431 1438 2485 hostibus
1477 2431 1689 2484 fortiter
1730 2431 1956 2495 resistit,
2003 2434 2302 2482 torrentum

422 2505 777 2559 lubricatione
813 2503 1052 2571 lapidum
1098 2504 1302 2556 corruit
1347 2505 1652 2572 optimaque
1699 2502 1791 2555 diu
1827 2506 2102 2572 protectus
2138 2501 2306 2553 lorica

423 2577 578 2630 tardo
621 2574 883 2647 [tandem]
923 2576 1155 2640 vulnere,
1193 2593 1290 2643 pro
1329 2575 1507 2627 dolor!
1550 2574 1794 2643 oppeciit.
1870 2574 2027 2626 Hunc
2064 2589 2201 2625 unus
2238 2589 2305 2624 ex

426 2650 537 2702 suis
598 2647 980 2710 satellitibuse,
1043 2664 1108 2699 ne
1168 2647 1347 2715 aliquo
1408 2646 1784 2710 deduceretur,
1847 2663 1965 2698 cum
2023 2643 2302 2714 prohibere

422 2726 730 2790 temptaret,
787 2718 1006 2786 cuspide
1051 2718 1326 2786 perfossus
1380 2736 1539 2786 super
1582 2734 1704 2770 eum
1749 2718 1966 2771 corruit.
2055 2715 2303 2769 Predicta

423 2792 551 2846 belli
611 2791 925 2859 asperitates
980 2791 1087 2843 iam
1145 2808 1280 2859 pene
1340 2789 1568 2855 devicta,
1628 2790 1846 2842 iubente
1904 2806 1999 2856 per
2056 2787 2301 2840 nuntium

425 2865 619 2918 suimet
666 2863 956 2927 Bolizlav0,
1008 2862 1185 2930 regiae
1238 2862 1492 2929 potestati
1544 2860 1668 2914 urbs
1722 2861 1882 2914 salvis
1934 2858 2304 2912 defensoribus

423 2936 655 2989 traditur
677 2934 1020 3003 presidioque
1044 2950 1179 2985 novo
1202 2933 1456 2988 munitur.
1502 2933 1631 2985 Post
1654 2933 1787 2985 haec
1808 2950 1906 2984 rex
1922 2948 2041 2984 cum
2066 2930 2302 2983 exercitu

424 3009 616 3061 itinere
654 3024 716 3060 ac
754 3005 936 3058 inedia
979 3007 1085 3058 iam
1124 3004 1419 3073 defatigato
1477 3003 1688 3056 domum
1726 3004 1909 3068 rediit,
1954 3002 2301 3067 marchioneS,

425 3079 747 3147 ubicumque
785 3095 918 3146 opus
956 3076 1080 3142 fuit,
1121 3076 1294 3129 solitis
1332 3076 1591 3128 adiuvans
1629 3072 2038 3128 amminiculis4.

426 3195 460 3235 a)
484 3196 627 3226 alterum
651 3203 668 3225 s
692 3202 830 3225 erasum
852 3195 885 3224 1.
982 3190 1021 3233 b)
1044 3191 1243 3231 Dispositis
1268 3191 1308 3221 in
1331 3191 1452 3230 Praga
1472 3191 1506 3231 2,
1528 3190 1571 3222 A.
1589 3191 1627 3222 S.
1727 3190 1760 3232 c)
1782 3198 1863 3222 rum
1885 3190 1922 3221 in
1945 3197 2085 3228 rasura,
2109 3196 2129 3220 e
2151 3188 2189 3219 in
2211 3196 2301 3219 mar-

424 3240 502 3280 yine
525 3237 611 3270 add.
630 3238 671 3269 T.
759 3236 797 3277 d)
821 3245 862 3268 as
886 3234 970 3267 add.
990 3236 1030 3267 T.
1119 3232 1154 3275 e)
1177 3234 1205 3265 ti
1227 3233 1313 3266 add.
1337 3234 1377 3265 T.
1466 3232 1496 3274 f)
1519 3233 1739 3274 assperitate
1763 3234 1806 3265 A.

427 3310 469 3364 1)
511 3311 737 3354 Bautzen.
869 3306 912 3360 2)
963 3307 1088 3351 Unde
1118 3306 1415 3362 comperimus
1447 3306 1713 3350 Heinricum
1745 3305 2012 3349 Bohemicae
2042 3301 2304 3358 interfuisse

427 3366 702 3423 empeditioni
712 3382 727 3421 ,-
759 3379 816 3410 eae
847 3366 976 3410 euius
1004 3364 1349 3409 narrationibus
1380 3368 1472 3408 tota
1494 3363 1605 3406 haee
1627 3363 1784 3407 relatio
1807 3363 1982 3406 videtur
2003 3361 2170 3405 hausta
2191 3371 2302 3403 esse.

426 3425 471 3476 3)
503 3425 645 3478 Idem,
683 3429 735 3468 ut
762 3424 954 3477 videtur,
991 3423 1071 3478 qui
1101 3422 1418 3477 Thanymarus
1450 3421 1618 3464 dieitur
1638 3421 1687 3464 in
1710 3420 1830 3464 Ann.
1865 3418 2098 3471 Quedlinb.
2122 3431 2165 3461 a.
2189 3416 2300 3461 1003

428 3487 467 3525 et
501 3481 654 3525 Tanko
678 3482 823 3525 laicus
852 3482 902 3524 in
924 3480 1103 3524 Necrol.
1127 3479 1322 3523 Mers-eb.
1357 3477 1451 3522 Oet.
1477 3479 1545 3522 25.
1589 3477 1646 3522 L.
1761 3476 1805 3530 4)
1837 3477 1998 3532 Iyitur,
2028 3486 2299 3531 quamquam

428 3539 588 3582 bellum
623 3539 822 3582 nondum
860 3543 958 3582 erat
995 3535 1259 3590 confectum,
1298 3541 1450 3580 tamen
1485 3548 1568 3579 rex
1604 3535 1686 3579 hos
1722 3534 1834 3588 fines
1869 3539 1921 3578 ut
1949 3534 2026 3578 sui
2051 3531 2167 3576 iuris
2192 3543 2300 3587 pro-

428 3596 602 3639 vincias
633 3596 750 3640 iusto
780 3595 993 3651 reyimini
1020 3594 1202 3638 reddere
1227 3593 1405 3648 potuit5
1451 3605 1491 3636 v.
1535 3592 1583 3643 V,
1616 3592 1683 3637 18.

2316 588 2334 608 *
2350 589 2421 630 soz.
2440 594 2456 691 :¹

2326 2083 2343 2102 *
2360 2084 2427 2124 sol.

2365 2180 2436 2203 ma?
