2456 4036
178 401 304 446 1002.

139 961 237 1001 Aug.
256 963 309 994 10.

339 266 422 312 118
858 266 1196 311 THIETMARI
1225 265 1443 312 GHRON.
1502 268 1617 312 LIB.
1647 270 1704 314 V.

484 396 564 450 19.
603 394 737 464 (11.)
797 394 1085 460 Dispositis
1123 394 1307 461 itaque
1345 394 1608 460 omnibus,
1646 401 1806 463 prout
1842 400 2051 464 tempus
2088 401 2217 450 tunc

335 472 466 530 erat,
499 483 721 534 regnum
752 464 1155 516 Liuthariorum
1187 469 1367 531 petere
1398 466 1684 520 contendit.
1745 466 2006 520 Veniente
2037 473 2218 521 autem

334 556 398 591 eo
451 537 521 590 ad
572 536 784 598 urbem,
839 551 977 602 quae
1030 551 1167 586 nova
1220 534 1450 588 Corbeia
1494 543 1739 599 vocatur,
1791 537 1860 590 ab
1912 555 1975 592 ea
2026 556 2219 592 nomen

335 610 550 671 sortita,
605 606 746 659 unde
801 606 961 674 cepit,
1015 606 1218 658 scilicet
1272 606 1338 659 ab
1391 607 1484 660 illa
1531 608 1857 661 Francorum
1902 609 2220 663 Latinorum

334 680 581 740 Corbeia,
631 676 723 728 ubi
767 677 1058 744 requiescit
1103 683 1321 730 sanctus
1359 678 1517 731 Vitus
1561 679 1741 732 infans
1787 685 1840 733 et
1883 682 2092 746 martir,
2138 683 2220 734 in-

335 753 462 804 clita
494 747 843 816 Cunigundaa
882 765 980 800 sua
1017 749 1214 801 coniux
1246 751 1296 801 ei
1329 751 1584 815 occurrit3
1624 750 1719 804 ubi
1750 751 1906 804 ambo
1938 770 1971 805 a
2000 770 2221 806 venera-

335 822 430 875 bili
467 820 662 873 abbate
701 819 1097 873 Thietmarob·1
1137 838 1256 872 cum
1296 822 1440 874 omni
1477 821 1676 874 honore
1722 824 2113 892 suscipiuntur,
2166 830 2220 877 et

337 894 411 946 ibi
450 892 643 944 divinis
683 896 736 944 et
773 891 1022 944 humanis
1061 891 1324 961 honorati,
1373 892 1442 945 ad
1484 892 1930 947 pathebrunnanc
1965 895 2061 948 leti
2095 912 2220 964 pro-

334 965 664 1018 ficiscuntur.
746 962 972 1016 Postera
1015 964 1158 1028 luce,
1206 981 1343 1032 quae
1388 964 1586 1017 mundo
1631 965 1822 1018 festiva
1859 966 2039 1020 illuxit
2073 966 2221 1020 beati

332 1035 614 1089 Laurentii
646 1035 907 1099 martirio,
947 1035 1142 1087 domna
1174 1034 1493 1104 Cunigunda
1531 1035 1956 1090 benedictionem
1988 1042 2042 1091 et
2072 1055 2221 1092 coro-

333 1125 458 1160 nam
527 1112 581 1159 et
645 1106 847 1175 Sophia
906 1124 1059 1159 soror
1110 1108 1449 1175 imperatoris
1501 1125 1535 1161 a
1586 1125 1710 1176 rege
1769 1109 1876 1162 iam
1931 1110 2222 1163 constituta

333 1176 649 1232 abbatissa2
701 1179 1154 1231 consecrationem
1192 1196 1225 1230 a
1255 1178 1555 1246 Willigisod
1602 1179 2004 1251 archiepiscopo
2050 1181 2223 1234 humi·

331 1251 457 1304 liter
495 1258 862 1317 susceperunt.
938 1250 1219 1302 Publicum
1258 1250 1383 1304 inde
1421 1253 1696 1318 consurgit
1735 1252 2014 1320 gaudium,
2060 1253 2220 1322 quod,

335 1340 429 1390 pro
453 1322 645 1392 pudor!
671 1321 962 1374 admodum
986 1322 1225 1375 turbavit
1248 1322 1575 1375 insatiabilis
1599 1324 1825 1376 avaritia
1843 1325 2222 1379 Bawariorum.

334 1394 425 1447 Hii
449 1411 680 1463 namque
710 1394 899 1460 paucis
932 1392 1076 1445 domi
1106 1411 1316 1462 semper
1347 1395 1602 1458 contenti,
1627 1396 1863 1448 exterius
1887 1414 2007 1449 vero
2033 1413 2221 1465 prope-

334 1467 493 1519 modo
540 1465 901 1529 insaciabileS‚
949 1482 1069 1517 cum
1114 1466 1410 1518 vicinorum
1457 1465 1638 1535 fruges
1686 1468 1738 1519 vi
1779 1467 2073 1536 diriperent
2110 1484 2223 1520 eos·

333 1557 438 1608 que
483 1538 586 1591 hoc
631 1537 1008 1589 defendentese
1054 1537 1357 1600 caederent,
1408 1555 1588 1606 pugna
1639 1539 1953 1605 gravissima
1995 1539 2222 1592 invicem

332 1610 518 1664 oritur.
606 1609 896 1661 Domestici
941 1610 1083 1677 regis
1129 1610 1369 1674 exeuntf‚
1423 1609 1707 1677 indigenae
1753 1628 1873 1663 cum
1919 1610 2223 1664 adventitiis

332 1683 651 1752 preveniunt
696 1686 747 1733 et
793 1680 1205 1748 subsequuntur.
1287 1681 1375 1734 Fit
1418 1698 1644 1750 magnus
1690 1681 1969 1736 conflictus
2008 1700 2223 1751 congre-

335 1755 597 1807 dientium
639 1753 1011 1821 devictumque
1050 1770 1240 1820 agmen
1271 1753 1637 1806 Bawariorum
1668 1753 1723 1806 in
1753 1754 1986 1822 regalem
2020 1759 2224 1807 curtem

336 1827 489 1895 fugit.
580 1825 682 1877 Hie
726 1824 1034 1890 Heinricus,
1088 1824 1257 1877 frater
1308 1825 1536 1878 Eilberti
1589 1825 1954 1891 cancellarii3‚
2010 1827 2103 1895 qui
2154 1825 2225 1879 ad

335 1915 574 1951 mensam
628 1897 740 1965 regi
793 1897 990 1964 iugiter
1043 1896 1329 1962 serviebat,
1389 1897 1548 1949 hasta
1598 1897 1909 1950 vulneratus
1961 1897 2225 1953 occubuit.

334 1971 691 2038 Quapropter,
731 1970 823 2037 qui
860 1969 1011 2037 prius
1051 1968 1293 2032 aberant,
1333 1968 1543 2022 collecti
1576 1969 1813 2022 Saxones
1851 1971 2046 2022 iterum
2084 1971 2223 2022 inse-

334 2050 533 2095 cuntur
590 2051 658 2106 et,
706 2043 762 2092 ni
807 2040 916 2092 dux
962 2040 1303 2093 Bernhardus
1350 2058 1470 2093 cum
1515 2040 1763 2094 validiori
1807 2059 1971 2094 manu
2017 2041 2224 2094 medius

335 2115 695 2178 interveniret,
736 2130 989 2164 numerus
1028 2112 1259 2165 militum
1299 2111 1540 2165 infinitus
1573 2119 1759 2166 mutuo
1792 2113 2023 2166 caderet.
2098 2113 2226 2165 Post

335 2186 468 2238 haec
499 2191 678 2238 autem
711 2185 959 2253 castigati
985 2189 1110 2236 sunt
1132 2202 1332 2247 omnes,
1366 2184 1687 2252 quicumque
1719 2185 1945 2237 inveniri
1973 2189 2226 2254 poterant

335 2259 476 2311 tanti
521 2257 737 2310 sceleris
785 2262 1045 2309 auctores.
1135 2256 1424 2308 Mestitiam
1469 2257 1733 2325 praesulis
1771 2262 1958 2325 postea
1993 2256 2226 2325 placavit

338 2327 783 2382 Bookenevorde4
821 2345 853 2379 a
891 2345 1014 2396 rege
1053 2327 1273 2382 tradita.

482 2404 564 2456 20.
614 2400 750 2471 (12.)
824 2400 935 2453 Rex
988 2405 1166 2452 autem
1219 2404 1366 2452 recto
1419 2399 1615 2451 itinere
1661 2399 1786 2452 hinc
1836 2399 1907 2452 ad
1952 2398 2226 2467 Diusburg

336 2474 648 2541 perveniens
701 2472 1105 2524 Liutharienses
1154 2489 1313 2540 quam
1358 2470 1512 2524 tarde
1559 2477 1848 2537 exspectat.
1934 2469 2225 2523 Leodioen-

337 2545 448 2599 sis5
506 2562 627 2597 vero
693 2551 747 2597 et
799 2543 1240 2597 Camaracensis6
1291 2543 1530 2610 presules
1581 2544 1740 2612 primi
1799 2543 1905 2596 huc
1955 2543 2226 2595 venientes

337 2617 797 2686 archiepiscopum
873 2614 1270 2668 Coloniensem⁷
1361 2615 1454 2667 diu
1527 2620 1822 2667 morantem
1897 2619 2224 2683 exspectant.

339 2690 508 2753 Quem
555 2707 671 2741 cum
721 2688 904 2751 altiuS‚
960 2704 1119 2756 quam
1168 2687 1450 2755 quisquam
1497 2686 1760 2755 crederet,
1807 2686 2072 2750 custodia,
2119 2702 2226 2754 qua

337 2761 637 2829 paululum,
694 2761 834 2812 sicut
879 2760 986 2812 iam
1034 2759 1168 2823 dixi,
1223 2757 1626 2823 detinebaturss,
1680 2759 1736 2810 in
1782 2759 1975 2811 mentis
2022 2763 2225 2811 secreto

341 2876 377 2918 a)
414 2876 633 2915 cunigundis
657 2876 699 2907 A.
719 2875 766 2916 S„
801 2875 1027 2913 cunegundis
1052 2876 1073 2905 2
1104 2883 1252 2914 semper.
1362 2872 1401 2913 b)
1435 2874 1485 2905 ita
1507 2873 1550 2905 A.
1568 2874 1627 2914 S.;
1657 2874 1849 2905 thoitmaro
1873 2875 1906 2904 2.
2018 2872 2051 2913 6)
2084 2872 2227 2911 pather-

337 2921 505 2952 brunnon
527 2922 561 2960 2,
584 2919 626 2950 A.
645 2919 683 2950 S.
773 2918 809 2958 d)
835 2918 1039 2957 Willigisio
1062 2919 1094 2950 2.
1186 2917 1220 2958 6)
1244 2916 1479 2957 prohibentes
1503 2917 1546 2948 A.
1564 2917 1601 2948 S.
1692 2917 1721 2956 f)
1750 2916 2012 2956 superveniunt
2034 2914 2125 2947 As.

339 3007 382 3059 1)
413 3008 562 3051 Error
584 3006 660 3050 hie
680 3006 859 3050 videtur
881 3005 1132 3060 sinqularis
1162 3004 1187 3053 (
1179 3005 1342 3059 procul
1365 3003 1502 3047 dubio
1526 3005 1583 3047 ab
1608 3003 1927 3057 interpolatore
1950 3002 2224 3050 commissus,

338 3065 419 3121 qui
438 3064 548 3109 haec
572 3063 727 3107 omnia
758 3064 812 3107 de
836 3062 1024 3107 Corbeia
1055 3062 1290 3106 addidisse
1313 3062 1504 3115 videtu-r,
1528 3074 1630 3105 cum
1654 3061 1946 3113 Adelboldus,
1975 3059 2057 3114 qui
2081 3058 2225 3102 Thiet-

339 3136 517 3167 marum
542 3122 757 3178 sequitur,
784 3120 1001 3164 Gruonae
1022 3120 1225 3175 reyinam
1248 3118 1468 3162 Heinrico
1492 3119 1742 3162 occurrisse
1765 3118 1898 3161 dicat.
1966 3116 2099 3162 WAI
2100 3115 2224 3168 1¹2),-

337 3194 446 3224 riam
472 3180 758 3223 Tliietmarus
782 3178 926 3222 abbas
949 3191 1069 3220 armo
1094 3178 1201 3221 1001
1226 3177 1365 3220 Mart.
1385 3177 1438 3219 12
1462 3176 1580 3219 diem
1603 3189 1862 3229 supremum
1886 3175 1979 3218 iam
2001 3173 2123 3218 obiit.
2172 3173 2227 3217 V.

341 3240 467 3281 Ami.
499 3237 669 3281 Corbei.
702 3235 806 3288 (SS.
829 3237 949 3290 III),
982 3238 1101 3279 Ana.
1133 3247 1249 3278 neor.
1273 3234 1415 3277 Fidd.
1439 3239 1481 3278 et
1502 3233 1679 3277 Necrol.
1703 3233 1879 3277 Luneb.
1941 3231 2228 3275 Successerat

340 3296 382 3338 ei
418 3295 575 3339 Hosed
612 3294 767 3338 abbas.
827 3295 883 3337 L.
1029 3293 1072 3343 2)
1121 3291 1556 3335 Gaudershemerisis
1589 3290 1899 3334 1002—1039.
2045 3290 2090 3339 3)
2139 3286 2231 3343 Qui

336 3358 495 3406 postea
526 3353 765 3407 episcopus
795 3350 1111 3406 Fo*isin9ensis
1129 3351 1232 3402 fuit
1262 3348 1560 3392 1006—1039.
1672 3347 1715 3400 4)
1755 3347 2085 3400 Boekenforde‚
2117 3346 2228 3388 villa

334 3410 645 3463 parrochialis
695 3411 743 3452 iri
796 3409 1007 3452 districta
1059 3407 1317 3460 Arnsberq,
1366 3406 1666 3461 praefectura
1717 3405 1979 3459 Lippstadt.
2060 3403 2229 3447 Exstat

343 3467 503 3511 charta
532 3467 819 3522 imperatoris
850 3479 987 3521 super
1014 3465 1099 3509 hac
1124 3463 1365 3507 donatione
1396 3478 1438 3506 a.
1464 3465 1576 3507 1005
1601 3461 1746 3514 (1006)
1781 3463 1876 3506 Oet.
1900 3461 1967 3505 24.
2016 3460 2227 3504 Corbeiae

342 3525 453 3567 data
482 3525 696 3578 (Siumpf
714 3524 860 3574 1433).
905 3526 958 3566 L.
1021 3521 1148 3575 Coris.
1179 3527 1330 3566 tamen
1353 3518 1549 3564 ‘Jahrbs
1575 3522 1615 3571 Ι,
1648 3521 1732 3564 227
1761 3534 1805 3563 π.
1829 3519 1870 3562 4.
1979 3517 2023 3571 5>
2057 3518 2228 3581 Notqeq·

342 3582 579 3635 episeopus
603 3582 872 3625 972-1008.
983 3580 1026 3633 6)
1060 3579 1294 3622 Erlwinus
1325 3579 1562 3632 episcop-as
1592 3592 1628 3622 e.
1653 3578 1921 3622 995—1012.
2018 3575 2060 3626 7)
2094 3574 2226 3618 Heri-

342 3640 525 3681 bertum.
643 3639 686 3690 8)
719 3638 845 3690 Coris.
877 3651 1021 3692 supra
1051 3637 1141 3689 IV,
1173 3638 1242 3680 50.
