<?xml version="1.0" encoding="UTF-8"?>
<!DOCTYPE html PUBLIC "-//W3C//DTD XHTML 1.0 Transitional//EN"
    "http://www.w3.org/TR/xhtml1/DTD/xhtml1-transitional.dtd">
<html xmlns="http://www.w3.org/1999/xhtml" xml:lang="en" lang="en">
 <head>
  <title>
</title>
<meta http-equiv="Content-Type" content="text/html;charset=utf-8" />
  <meta name='ocr-system' content='tesseract 3.04.00' />
  <meta name='ocr-capabilities' content='ocr_page ocr_carea ocr_par ocr_line ocrx_word'/>
</head>
<body>
  <div class='ocr_page' id='page_1' title='image "./thietmarimersebu00thieuoft_0189.png"; bbox 0 0 2456 4036; ppageno 0'>
   <div class='ocr_carea' id='block_1_1' title="bbox 3 938 135 974">
    <p class='ocr_par' dir='ltr' id='par_1_1' title="bbox 3 938 135 974">
     <span class='ocr_line' id='line_1_1' title="bbox 3 938 135 974; baseline -0.023 0"><span class='ocrx_word' id='word_1_1' title='bbox 3 941 35 974; x_wconf 71' lang='lat'>³1.</span> <span class='ocrx_word' id='word_1_2' title='bbox 50 938 135 972; x_wconf 78' lang='lat'><strong>122‘.</strong></span> 
     </span>
    </p>
   </div>
   <div class='ocr_carea' id='block_1_2' title="bbox 670 305 2038 377">
    <p class='ocr_par' dir='ltr' id='par_1_2' title="bbox 670 305 2038 377">
     <span class='ocr_line' id='line_1_2' title="bbox 670 305 2038 377; baseline 0.003 -28"><span class='ocrx_word' id='word_1_3' title='bbox 670 306 1008 351; x_wconf 84' lang='lat' dir='ltr'><strong>THIETMARI</strong></span> <span class='ocrx_word' id='word_1_4' title='bbox 1038 305 1255 377; x_wconf 65' lang='lat' dir='ltr'>CHRON.</span> <span class='ocrx_word' id='word_1_5' title='bbox 1315 308 1430 353; x_wconf 91' lang='lat' dir='ltr'><em>LIB.</em></span> <span class='ocrx_word' id='word_1_6' title='bbox 1461 308 1538 353; x_wconf 86' lang='lat' dir='ltr'>Vl.</span> <span class='ocrx_word' id='word_1_7' title='bbox 1954 309 2038 353; x_wconf 84' lang='lat'>167</span> 
     </span>
    </p>
   </div>
   <div class='ocr_carea' id='block_1_3' title="bbox 157 431 2304 2765">
    <p class='ocr_par' dir='ltr' id='par_1_3' title="bbox 157 431 2304 2765">
     <span class='ocr_line' id='line_1_3' title="bbox 161 431 2197 499; baseline 0.001 -15"><span class='ocrx_word' id='word_1_8' title='bbox 161 448 257 499; x_wconf 91' lang='lat' dir='ltr'>per</span> <span class='ocrx_word' id='word_1_9' title='bbox 312 431 545 497; x_wconf 81' lang='lat' dir='ltr'>regalem</span> <span class='ocrx_word' id='word_1_10' title='bbox 615 433 901 484; x_wconf 69' lang='lat' dir='ltr'>nunciuma</span> <span class='ocrx_word' id='word_1_11' title='bbox 966 433 1324 487; x_wconf 78' lang='lat' dir='ltr'>introducitur</span> <span class='ocrx_word' id='word_1_12' title='bbox 1396 451 1460 486; x_wconf 89' lang='lat' dir='ltr'>ac</span> <span class='ocrx_word' id='word_1_13' title='bbox 1519 432 1848 487; x_wconf 78' lang='lat' dir='ltr'>debitoribus</span> <span class='ocrx_word' id='word_1_14' title='bbox 1908 434 2036 499; x_wconf 78' lang='lat' dir='ltr'>suiS,</span> <span class='ocrx_word' id='word_1_15' title='bbox 2069 445 2197 489; x_wconf 88' lang='lat'>1010.</span> 
     </span>
     <span class='ocr_line' id='line_1_4' title="bbox 161 500 2038 571; baseline 0.003 -19"><span class='ocrx_word' id='word_1_16' title='bbox 161 500 415 570; x_wconf 89' lang='lat' dir='ltr'>quicquid</span> <span class='ocrx_word' id='word_1_17' title='bbox 454 502 509 552; x_wconf 91' lang='lat' dir='ltr'>in</span> <span class='ocrx_word' id='word_1_18' title='bbox 549 518 669 554; x_wconf 89' lang='lat' dir='ltr'>eum</span> <span class='ocrx_word' id='word_1_19' title='bbox 707 503 1064 571; x_wconf 86' lang='lat' dir='ltr'>deliquerant,</span> <span class='ocrx_word' id='word_1_20' title='bbox 1121 505 1341 557; x_wconf 87' lang='lat' dir='ltr'>dextera</span> <span class='ocrx_word' id='word_1_21' title='bbox 1379 505 1480 558; x_wconf 90' lang='lat' dir='ltr'>hoc</span> <span class='ocrx_word' id='word_1_22' title='bbox 1517 504 1819 557; x_wconf 89' lang='lat' dir='ltr'>affirmante</span> <span class='ocrx_word' id='word_1_23' title='bbox 1867 504 1936 556; x_wconf 91' lang='lat' dir='ltr'>ab</span> <span class='ocrx_word' id='word_1_24' title='bbox 1974 521 2038 557; x_wconf 92' lang='lat' dir='ltr'>eo</span> 
     </span>
     <span class='ocr_line' id='line_1_5' title="bbox 161 571 470 626; baseline 0.003 -2"><span class='ocrx_word' id='word_1_25' title='bbox 161 571 470 626; x_wconf 90' lang='lat' dir='ltr'>remittitur.</span> 
     </span>
     <span class='ocr_line' id='line_1_6' title="bbox 301 642 2038 713; baseline 0.001 -17"><span class='ocrx_word' id='word_1_26' title='bbox 301 642 386 696; x_wconf 84' lang='lat'>56.</span> <span class='ocrx_word' id='word_1_27' title='bbox 448 642 560 694; x_wconf 87' lang='lat' dir='ltr'>Rex</span> <span class='ocrx_word' id='word_1_28' title='bbox 597 647 775 694; x_wconf 90' lang='lat' dir='ltr'>autem</span> <span class='ocrx_word' id='word_1_29' title='bbox 813 643 868 694; x_wconf 92' lang='lat' dir='ltr'>in</span> <span class='ocrx_word' id='word_1_30' title='bbox 902 642 1003 695; x_wconf 89' lang='lat' dir='ltr'>hac</span> <span class='ocrx_word' id='word_1_31' title='bbox 1042 649 1212 697; x_wconf 87' lang='lat' dir='ltr'>estate</span> <span class='ocrx_word' id='word_1_32' title='bbox 1250 650 1301 698; x_wconf 91' lang='lat' dir='ltr'>et</span> <span class='ocrx_word' id='word_1_33' title='bbox 1338 647 1582 713; x_wconf 88' lang='lat' dir='ltr'>proxima</span> <span class='ocrx_word' id='word_1_34' title='bbox 1615 646 1786 697; x_wconf 90' lang='lat' dir='ltr'>hieme</span> <span class='ocrx_word' id='word_1_35' title='bbox 1817 645 2038 698; x_wconf 88' lang='lat' dir='ltr'>consilio</span> 
     </span>
     <span class='ocr_line' id='line_1_7' title="bbox 162 711 2038 782; baseline 0.002 -17"><span class='ocrx_word' id='word_1_36' title='bbox 162 717 215 765; x_wconf 90' lang='lat' dir='ltr'>et</span> <span class='ocrx_word' id='word_1_37' title='bbox 249 713 476 764; x_wconf 84' lang='lat' dir='ltr'>virtuteb</span> <span class='ocrx_word' id='word_1_38' title='bbox 512 711 811 780; x_wconf 88' lang='lat' dir='ltr'>pacificatis</span> <span class='ocrx_word' id='word_1_39' title='bbox 858 713 1100 766; x_wconf 82' lang='lat' dir='ltr'>hostibus</span> <span class='ocrx_word' id='word_1_40' title='bbox 1151 716 1527 768; x_wconf 89' lang='lat' dir='ltr'>contumeliam</span> <span class='ocrx_word' id='word_1_41' title='bbox 1572 721 1626 769; x_wconf 91' lang='lat' dir='ltr'>et</span> <span class='ocrx_word' id='word_1_42' title='bbox 1668 716 1958 782; x_wconf 89' lang='lat' dir='ltr'>dampnum</span> <span class='ocrx_word' id='word_1_43' title='bbox 2005 733 2038 768; x_wconf 91' lang='lat' dir='ltr'>a</span> 
     </span>
     <span class='ocr_line' id='line_1_8' title="bbox 162 783 2039 854; baseline 0.002 -19"><span class='ocrx_word' id='word_1_44' title='bbox 162 783 429 835; x_wconf 88' lang='lat' dir='ltr'>Bolizlavo</span> <span class='ocrx_word' id='word_1_45' title='bbox 475 783 578 835; x_wconf 91' lang='lat' dir='ltr'>sibi</span> <span class='ocrx_word' id='word_1_46' title='bbox 623 783 836 835; x_wconf 87' lang='lat' dir='ltr'>illatum</span> <span class='ocrx_word' id='word_1_47' title='bbox 883 784 1072 837; x_wconf 91' lang='lat' dir='ltr'>crebra</span> <span class='ocrx_word' id='word_1_48' title='bbox 1116 786 1461 839; x_wconf 85' lang='lat' dir='ltr'>meditatione</span> <span class='ocrx_word' id='word_1_49' title='bbox 1505 787 1755 839; x_wconf 64' lang='lat' dir='ltr'>revolvite</span> <span class='ocrx_word' id='word_1_50' title='bbox 1808 791 1862 839; x_wconf 82' lang='lat' dir='ltr'>et</span> <span class='ocrx_word' id='word_1_51' title='bbox 1915 791 2039 854; x_wconf 86' lang='lat' dir='ltr'>post</span> 
     </span>
     <span class='ocr_line' id='line_1_9' title="bbox 161 853 2195 923; baseline 0 -18"><span class='ocrx_word' id='word_1_52' title='bbox 161 853 361 923; x_wconf 88' lang='lat' dir='ltr'>pascha</span> <span class='ocrx_word' id='word_1_53' title='bbox 400 853 797 921; x_wconf 82' lang='lat' dir='ltr'>expedicionem</span> <span class='ocrx_word' id='word_1_54' title='bbox 837 871 987 906; x_wconf 87' lang='lat' dir='ltr'>suam</span> <span class='ocrx_word' id='word_1_55' title='bbox 1025 857 1230 908; x_wconf 73' lang='lat' dir='ltr'>atrocid</span> <span class='ocrx_word' id='word_1_56' title='bbox 1266 857 1530 909; x_wconf 74' lang='lat' dir='ltr'>iussione0</span> <span class='ocrx_word' id='word_1_57' title='bbox 1567 857 1763 909; x_wconf 86' lang='lat' dir='ltr'>indixit</span> <span class='ocrx_word' id='word_1_58' title='bbox 1780 857 1812 912; x_wconf 89' lang='lat'>¹.</span> <span class='ocrx_word' id='word_1_59' title='bbox 2070 861 2195 906; x_wconf 88' lang='lat'>1011.</span> 
     </span>
     <span class='ocr_line' id='line_1_10' title="bbox 302 923 2239 996; baseline -0.002 -18"><span class='ocrx_word' id='word_1_60' title='bbox 302 923 436 995; x_wconf 83' lang='lat'>(38.)</span> <span class='ocrx_word' id='word_1_61' title='bbox 509 924 592 975; x_wconf 89' lang='lat' dir='ltr'>Fit</span> <span class='ocrx_word' id='word_1_62' title='bbox 641 930 927 977; x_wconf 87' lang='lat' dir='ltr'>conventus</span> <span class='ocrx_word' id='word_1_63' title='bbox 975 926 1030 977; x_wconf 92' lang='lat' dir='ltr'>in</span> <span class='ocrx_word' id='word_1_64' title='bbox 1079 926 1344 993; x_wconf 84' lang='lat' dir='ltr'>Belegori,</span> <span class='ocrx_word' id='word_1_65' title='bbox 1403 928 1544 995; x_wconf 91' lang='lat' dir='ltr'>quod</span> <span class='ocrx_word' id='word_1_66' title='bbox 1591 927 1811 996; x_wconf 87' lang='lat' dir='ltr'>pulcher</span> <span class='ocrx_word' id='word_1_67' title='bbox 1859 927 2040 980; x_wconf 84' lang='lat' dir='ltr'>*mons</span> <span class='ocrx_word' id='word_1_68' title='bbox 2071 930 2239 987; x_wconf 86' lang='lat'>(1010).</span> 
     </span>
     <span class='ocr_line' id='line_1_11' title="bbox 160 993 2040 1063; baseline 0.002 -16"><span class='ocrx_word' id='word_1_69' title='bbox 160 993 417 1057; x_wconf 86' lang='lat' dir='ltr'>dicitur2,</span> <span class='ocrx_word' id='word_1_70' title='bbox 471 995 527 1046; x_wconf 91' lang='lat' dir='ltr'>in</span> <span class='ocrx_word' id='word_1_71' title='bbox 574 994 800 1047; x_wconf 88' lang='lat' dir='ltr'>Geronis</span> <span class='ocrx_word' id='word_1_72' title='bbox 845 995 1031 1063; x_wconf 92' lang='lat' dir='ltr'>predio</span> <span class='ocrx_word' id='word_1_73' title='bbox 1080 997 1420 1052; x_wconf 83' lang='lat' dir='ltr'>marchionis,</span> <span class='ocrx_word' id='word_1_74' title='bbox 1507 999 1654 1051; x_wconf 89' lang='lat' dir='ltr'>Tunc</span> <span class='ocrx_word' id='word_1_75' title='bbox 1698 997 2040 1051; x_wconf 87' lang='lat' dir='ltr'>Bernhardus</span> 
     </span>
     <span class='ocr_line' id='line_1_12' title="bbox 159 1064 2041 1135; baseline 0.001 -17"><span class='ocrx_word' id='word_1_76' title='bbox 159 1065 267 1118; x_wconf 89' lang='lat' dir='ltr'>dux</span> <span class='ocrx_word' id='word_1_77' title='bbox 305 1070 358 1117; x_wconf 92' lang='lat' dir='ltr'>et</span> <span class='ocrx_word' id='word_1_78' title='bbox 393 1064 736 1118; x_wconf 90' lang='lat' dir='ltr'>Waltherdus</span> <span class='ocrx_word' id='word_1_79' title='bbox 774 1067 1078 1133; x_wconf 85' lang='lat' dir='ltr'>prepositus</span> <span class='ocrx_word' id='word_1_80' title='bbox 1117 1068 1293 1135; x_wconf 87' lang='lat' dir='ltr'>gratia</span> <span class='ocrx_word' id='word_1_81' title='bbox 1329 1068 1653 1121; x_wconf 88' lang='lat' dir='ltr'>Bolizlavum</span> <span class='ocrx_word' id='word_1_82' title='bbox 1699 1067 2041 1121; x_wconf 87' lang='lat' dir='ltr'>convertendi</span> 
     </span>
     <span class='ocr_line' id='line_1_13' title="bbox 157 1136 2041 1206; baseline 0.002 -18"><span class='ocrx_word' id='word_1_83' title='bbox 157 1141 530 1206; x_wconf 88' lang='lat' dir='ltr'>precesserunt</span> <span class='ocrx_word' id='word_1_84' title='bbox 567 1154 630 1188; x_wconf 86' lang='lat' dir='ltr'>ac</span> <span class='ocrx_word' id='word_1_85' title='bbox 659 1137 737 1188; x_wconf 92' lang='lat' dir='ltr'>nil</span> <span class='ocrx_word' id='word_1_86' title='bbox 766 1136 857 1200; x_wconf 92' lang='lat' dir='ltr'>ibi,</span> <span class='ocrx_word' id='word_1_87' title='bbox 891 1137 1032 1205; x_wconf 91' lang='lat' dir='ltr'>quod</span> <span class='ocrx_word' id='word_1_88' title='bbox 1064 1138 1166 1190; x_wconf 90' lang='lat' dir='ltr'>sibi</span> <span class='ocrx_word' id='word_1_89' title='bbox 1195 1138 1444 1206; x_wconf 87' lang='lat' dir='ltr'>placeret,</span> <span class='ocrx_word' id='word_1_90' title='bbox 1478 1140 1806 1192; x_wconf 88' lang='lat' dir='ltr'>invenientes</span> <span class='ocrx_word' id='word_1_91' title='bbox 1842 1140 2041 1192; x_wconf 88' lang='lat' dir='ltr'>reversi</span> 
     </span>
     <span class='ocr_line' id='line_1_14' title="bbox 159 1206 2041 1262; baseline 0.001 -2"><span class='ocrx_word' id='word_1_92' title='bbox 159 1212 299 1260; x_wconf 92' lang='lat' dir='ltr'>sunt.</span> <span class='ocrx_word' id='word_1_93' title='bbox 375 1206 535 1259; x_wconf 88' lang='lat' dir='ltr'>Venit</span> <span class='ocrx_word' id='word_1_94' title='bbox 590 1207 754 1259; x_wconf 74' lang='lat' dir='ltr'>etiam</span> <span class='ocrx_word' id='word_1_95' title='bbox 806 1207 911 1259; x_wconf 91' lang='lat' dir='ltr'>huc</span> <span class='ocrx_word' id='word_1_96' title='bbox 960 1208 1240 1261; x_wconf 84' lang='lat' dir='ltr'>Iarimirus</span> <span class='ocrx_word' id='word_1_97' title='bbox 1290 1209 1627 1262; x_wconf 91' lang='lat' dir='ltr'>Boemiorum</span> <span class='ocrx_word' id='word_1_98' title='bbox 1674 1210 1782 1262; x_wconf 90' lang='lat' dir='ltr'>dux</span> <span class='ocrx_word' id='word_1_99' title='bbox 1824 1210 2041 1262; x_wconf 89' lang='lat' dir='ltr'>inclitus</span> 
     </span>
     <span class='ocr_line' id='line_1_15' title="bbox 158 1277 2042 1349; baseline 0.001 -18"><span class='ocrx_word' id='word_1_100' title='bbox 158 1283 213 1331; x_wconf 91' lang='lat' dir='ltr'>et</span> <span class='ocrx_word' id='word_1_101' title='bbox 263 1278 377 1346; x_wconf 83' lang='lat' dir='ltr'>regi</span> <span class='ocrx_word' id='word_1_102' title='bbox 429 1278 549 1344; x_wconf 82' lang='lat' dir='ltr'>perf</span> <span class='ocrx_word' id='word_1_103' title='bbox 598 1279 775 1330; x_wconf 90' lang='lat' dir='ltr'>omnia</span> <span class='ocrx_word' id='word_1_104' title='bbox 825 1277 1014 1331; x_wconf 84' lang='lat' dir='ltr'>fidelis.</span> <span class='ocrx_word' id='word_1_105' title='bbox 1123 1278 1232 1331; x_wconf 91' lang='lat' dir='ltr'>Nec</span> <span class='ocrx_word' id='word_1_106' title='bbox 1282 1281 1541 1347; x_wconf 88' lang='lat' dir='ltr'>preterire</span> <span class='ocrx_word' id='word_1_107' title='bbox 1590 1298 1834 1349; x_wconf 91' lang='lat' dir='ltr'>possum,</span> <span class='ocrx_word' id='word_1_108' title='bbox 1896 1280 2042 1348; x_wconf 89' lang='lat' dir='ltr'>quod</span> 
     </span>
     <span class='ocr_line' id='line_1_16' title="bbox 159 1348 2041 1416; baseline 0.002 -16"><span class='ocrx_word' id='word_1_109' title='bbox 159 1348 460 1401; x_wconf 89' lang='lat' dir='ltr'>miserabile</span> <span class='ocrx_word' id='word_1_110' title='bbox 499 1348 657 1401; x_wconf 92' lang='lat' dir='ltr'>nimis</span> <span class='ocrx_word' id='word_1_111' title='bbox 695 1349 936 1416; x_wconf 87' lang='lat' dir='ltr'>predicto</span> <span class='ocrx_word' id='word_1_112' title='bbox 976 1350 1157 1402; x_wconf 87' lang='lat' dir='ltr'>comiti</span> <span class='ocrx_word' id='word_1_113' title='bbox 1195 1349 1392 1403; x_wconf 90' lang='lat' dir='ltr'>ibidem</span> <span class='ocrx_word' id='word_1_114' title='bbox 1430 1351 1642 1404; x_wconf 84' lang='lat' dir='ltr'>accidit.</span> <span class='ocrx_word' id='word_1_115' title='bbox 1715 1351 1827 1403; x_wconf 91' lang='lat' dir='ltr'>Nos</span> <span class='ocrx_word' id='word_1_116' title='bbox 1859 1367 2041 1404; x_wconf 90' lang='lat' dir='ltr'>omnes</span> 
     </span>
     <span class='ocr_line' id='line_1_17' title="bbox 157 1419 2041 1488; baseline 0.002 -17"><span class='ocrx_word' id='word_1_117' title='bbox 157 1451 230 1458; x_wconf 92' lang='lat'>—-</span> <span class='ocrx_word' id='word_1_118' title='bbox 287 1437 384 1472; x_wconf 87' lang='lat' dir='ltr'>nec</span> <span class='ocrx_word' id='word_1_119' title='bbox 437 1419 668 1487; x_wconf 86' lang='lat' dir='ltr'>aliquem</span> <span class='ocrx_word' id='word_1_120' title='bbox 722 1420 964 1488; x_wconf 87' lang='lat' dir='ltr'>excipere</span> <span class='ocrx_word' id='word_1_121' title='bbox 1015 1421 1165 1472; x_wconf 88' lang='lat' dir='ltr'>valeo</span> <span class='ocrx_word' id='word_1_122' title='bbox 1223 1452 1294 1459; x_wconf 89' lang='lat'>——</span> <span class='ocrx_word' id='word_1_123' title='bbox 1343 1422 1455 1473; x_wconf 88' lang='lat' dir='ltr'>vice</span> <span class='ocrx_word' id='word_1_124' title='bbox 1515 1423 1807 1475; x_wconf 89' lang='lat' dir='ltr'>amicorum</span> <span class='ocrx_word' id='word_1_125' title='bbox 1858 1421 2041 1475; x_wconf 88' lang='lat' dir='ltr'>hostes</span> 
     </span>
     <span class='ocr_line' id='line_1_18' title="bbox 158 1490 2041 1560; baseline 0.002 -18"><span class='ocrx_word' id='word_1_126' title='bbox 158 1491 284 1543; x_wconf 92' lang='lat' dir='ltr'>huic</span> <span class='ocrx_word' id='word_1_127' title='bbox 313 1490 513 1542; x_wconf 83' lang='lat' dir='ltr'>fuimus</span> <span class='ocrx_word' id='word_1_128' title='bbox 551 1493 892 1558; x_wconf 89' lang='lat' dir='ltr'>exceptisque</span> <span class='ocrx_word' id='word_1_129' title='bbox 925 1490 1208 1543; x_wconf 85' lang='lat' dir='ltr'>dumtaxat</span> <span class='ocrx_word' id='word_1_130' title='bbox 1236 1493 1517 1560; x_wconf 87' lang='lat' dir='ltr'>mancipiis</span> <span class='ocrx_word' id='word_1_131' title='bbox 1557 1493 1734 1544; x_wconf 88' lang='lat' dir='ltr'>omnia</span> <span class='ocrx_word' id='word_1_132' title='bbox 1765 1510 2041 1560; x_wconf 91' lang='lat' dir='ltr'>consump-</span> 
     </span>
     <span class='ocr_line' id='line_1_19' title="bbox 159 1561 2041 1630; baseline 0.001 -16"><span class='ocrx_word' id='word_1_133' title='bbox 159 1563 325 1614; x_wconf 89' lang='lat' dir='ltr'>simus</span> <span class='ocrx_word' id='word_1_134' title='bbox 370 1566 422 1613; x_wconf 92' lang='lat' dir='ltr'>et</span> <span class='ocrx_word' id='word_1_135' title='bbox 466 1561 730 1628; x_wconf 89' lang='lat' dir='ltr'>quaedam</span> <span class='ocrx_word' id='word_1_136' title='bbox 774 1563 913 1630; x_wconf 69' lang='lat' dir='ltr'>igne.</span> <span class='ocrx_word' id='word_1_137' title='bbox 994 1561 1166 1614; x_wconf 90' lang='lat' dir='ltr'>Huius</span> <span class='ocrx_word' id='word_1_138' title='bbox 1222 1564 1301 1615; x_wconf 92' lang='lat' dir='ltr'>rei</span> <span class='ocrx_word' id='word_1_139' title='bbox 1345 1580 1441 1615; x_wconf 89' lang='lat' dir='ltr'>nec</span> <span class='ocrx_word' id='word_1_140' title='bbox 1494 1581 1589 1615; x_wconf 88' lang='lat' dir='ltr'>rex</span> <span class='ocrx_word' id='word_1_141' title='bbox 1628 1564 1771 1616; x_wconf 91' lang='lat' dir='ltr'>ultor</span> <span class='ocrx_word' id='word_1_142' title='bbox 1809 1581 1902 1615; x_wconf 91' lang='lat' dir='ltr'>seu</span> <span class='ocrx_word' id='word_1_143' title='bbox 1951 1563 2041 1616; x_wconf 90' lang='lat' dir='ltr'>de-</span> 
     </span>
     <span class='ocr_line' id='line_1_20' title="bbox 158 1631 531 1685; baseline -0.005 0"><span class='ocrx_word' id='word_1_144' title='bbox 158 1631 375 1685; x_wconf 78' lang='lat' dir='ltr'>fensor*</span> <span class='ocrx_word' id='word_1_145' title='bbox 415 1632 531 1684; x_wconf 89' lang='lat' dir='ltr'>fuit.</span> 
     </span>
     <span class='ocr_line' id='line_1_21' title="bbox 211 1702 2041 1771; baseline -0.001 -14"><span class='ocrx_word' id='word_1_146' title='bbox 211 1706 214 1714; x_wconf 89' lang='lat'>&#39;</span> <span class='ocrx_word' id='word_1_147' title='bbox 300 1706 385 1758; x_wconf 82' lang='lat'>57.</span> <span class='ocrx_word' id='word_1_148' title='bbox 447 1702 578 1755; x_wconf 91' lang='lat' dir='ltr'>Inde</span> <span class='ocrx_word' id='word_1_149' title='bbox 616 1703 686 1755; x_wconf 89' lang='lat' dir='ltr'>ad</span> <span class='ocrx_word' id='word_1_150' title='bbox 715 1703 928 1755; x_wconf 75' lang='lat' dir='ltr'>Luzicig</span> <span class='ocrx_word' id='word_1_151' title='bbox 964 1721 1175 1771; x_wconf 87' lang='lat' dir='ltr'>pagum,</span> <span class='ocrx_word' id='word_1_152' title='bbox 1214 1704 1269 1755; x_wconf 91' lang='lat' dir='ltr'>in</span> <span class='ocrx_word' id='word_1_153' title='bbox 1308 1704 1459 1757; x_wconf 89' lang='lat' dir='ltr'>cuius</span> <span class='ocrx_word' id='word_1_154' title='bbox 1498 1704 1674 1756; x_wconf 88' lang='lat' dir='ltr'>fronte</span> <span class='ocrx_word' id='word_1_155' title='bbox 1713 1704 1842 1756; x_wconf 89' lang='lat' dir='ltr'>urbs</span> <span class='ocrx_word' id='word_1_156' title='bbox 1877 1720 2041 1771; x_wconf 89' lang='lat' dir='ltr'>quae-</span> 
     </span>
     <span class='ocr_line' id='line_1_22' title="bbox 160 1773 2041 1842; baseline 0 -16"><span class='ocrx_word' id='word_1_157' title='bbox 160 1774 285 1826; x_wconf 90' lang='lat' dir='ltr'>dam</span> <span class='ocrx_word' id='word_1_158' title='bbox 331 1773 553 1826; x_wconf 87' lang='lat' dir='ltr'>Iarina3</span> <span class='ocrx_word' id='word_1_159' title='bbox 598 1778 728 1839; x_wconf 90' lang='lat' dir='ltr'>stat,</span> <span class='ocrx_word' id='word_1_160' title='bbox 776 1792 809 1826; x_wconf 89' lang='lat' dir='ltr'>a</span> <span class='ocrx_word' id='word_1_161' title='bbox 853 1773 1063 1826; x_wconf 86' lang='lat' dir='ltr'>Gerone</span> <span class='ocrx_word' id='word_1_162' title='bbox 1109 1773 1256 1826; x_wconf 90' lang='lat' dir='ltr'>dicta</span> <span class='ocrx_word' id='word_1_163' title='bbox 1304 1775 1631 1839; x_wconf 89' lang='lat' dir='ltr'>marchione,</span> <span class='ocrx_word' id='word_1_164' title='bbox 1680 1775 1772 1842; x_wconf 91' lang='lat' dir='ltr'>qui</span> <span class='ocrx_word' id='word_1_165' title='bbox 1816 1790 2041 1841; x_wconf 86' lang='lat' dir='ltr'>magnus</span> 
     </span>
     <span class='ocr_line' id='line_1_23' title="bbox 159 1844 2041 1912; baseline -0.001 -15"><span class='ocrx_word' id='word_1_166' title='bbox 159 1845 264 1897; x_wconf 87' lang='lat' dir='ltr'>fuit</span> <span class='ocrx_word' id='word_1_167' title='bbox 301 1853 355 1898; x_wconf 90' lang='lat' dir='ltr'>et</span> <span class='ocrx_word' id='word_1_168' title='bbox 394 1846 471 1897; x_wconf 89' lang='lat' dir='ltr'>sic</span> <span class='ocrx_word' id='word_1_169' title='bbox 507 1844 969 1912; x_wconf 80' lang='lat' dir='ltr'>nuncupabatur4.</span> <span class='ocrx_word' id='word_1_170' title='bbox 1046 1844 1129 1896; x_wconf 92' lang='lat' dir='ltr'>Ibi</span> <span class='ocrx_word' id='word_1_171' title='bbox 1167 1851 1293 1897; x_wconf 84' lang='lat' dir='ltr'>tunc</span> <span class='ocrx_word' id='word_1_172' title='bbox 1339 1847 1484 1912; x_wconf 88' lang='lat' dir='ltr'>capti</span> <span class='ocrx_word' id='word_1_173' title='bbox 1527 1851 1652 1899; x_wconf 90' lang='lat' dir='ltr'>sunt</span> <span class='ocrx_word' id='word_1_174' title='bbox 1695 1845 1798 1897; x_wconf 90' lang='lat' dir='ltr'>duo</span> <span class='ocrx_word' id='word_1_175' title='bbox 1844 1844 2041 1897; x_wconf 87' lang='lat' dir='ltr'>fratres</span> 
     </span>
     <span class='ocr_line' id='line_1_24' title="bbox 161 1915 2042 1984; baseline 0.002 -17"><span class='ocrx_word' id='word_1_176' title='bbox 161 1934 226 1967; x_wconf 90' lang='lat' dir='ltr'>ex</span> <span class='ocrx_word' id='word_1_177' title='bbox 269 1917 544 1984; x_wconf 86' lang='lat' dir='ltr'>provincia</span> <span class='ocrx_word' id='word_1_178' title='bbox 584 1915 842 1968; x_wconf 89' lang='lat' dir='ltr'>Hevellun</span> <span class='ocrx_word' id='word_1_179' title='bbox 888 1920 943 1968; x_wconf 94' lang='lat' dir='ltr'>et</span> <span class='ocrx_word' id='word_1_180' title='bbox 989 1933 1054 1967; x_wconf 93' lang='lat' dir='ltr'>ex</span> <span class='ocrx_word' id='word_1_181' title='bbox 1098 1915 1231 1968; x_wconf 92' lang='lat' dir='ltr'>urbe</span> <span class='ocrx_word' id='word_1_182' title='bbox 1276 1915 1785 1983; x_wconf 84' lang='lat' dir='ltr'>Brandeburgiensi,</span> <span class='ocrx_word' id='word_1_183' title='bbox 1833 1915 1926 1983; x_wconf 90' lang='lat' dir='ltr'>qui</span> <span class='ocrx_word' id='word_1_184' title='bbox 1973 1915 2042 1970; x_wconf 85' lang='lat' dir='ltr'>ad</span> 
     </span>
     <span class='ocr_line' id='line_1_25' title="bbox 159 1986 2044 2054; baseline -0.001 -16"><span class='ocrx_word' id='word_1_185' title='bbox 159 1986 488 2039; x_wconf 77' lang='lat' dir='ltr'>Bolizlavum</span> <span class='ocrx_word' id='word_1_186' title='bbox 543 2004 706 2040; x_wconf 88' lang='lat' dir='ltr'>causa</span> <span class='ocrx_word' id='word_1_187' title='bbox 752 2004 871 2039; x_wconf 90' lang='lat' dir='ltr'>eum</span> <span class='ocrx_word' id='word_1_188' title='bbox 927 1990 1114 2039; x_wconf 89' lang='lat' dir='ltr'>contra</span> <span class='ocrx_word' id='word_1_189' title='bbox 1165 2003 1344 2054; x_wconf 84' lang='lat' dir='ltr'>regem</span> <span class='ocrx_word' id='word_1_190' title='bbox 1388 1987 1626 2039; x_wconf 87' lang='lat' dir='ltr'>vertendi</span> <span class='ocrx_word' id='word_1_191' title='bbox 1682 1991 1939 2039; x_wconf 84' lang='lat' dir='ltr'>venerunt</span> <span class='ocrx_word' id='word_1_192' title='bbox 1991 1990 2044 2038; x_wconf 90' lang='lat' dir='ltr'>et</span> 
     </span>
     <span class='ocr_line' id='line_1_26' title="bbox 159 2057 2041 2126; baseline -0.001 -17"><span class='ocrx_word' id='word_1_193' title='bbox 159 2057 282 2110; x_wconf 91' lang='lat' dir='ltr'>inde</span> <span class='ocrx_word' id='word_1_194' title='bbox 320 2057 547 2125; x_wconf 88' lang='lat' dir='ltr'>digressi</span> <span class='ocrx_word' id='word_1_195' title='bbox 585 2058 887 2110; x_wconf 89' lang='lat' dir='ltr'>inciderunt</span> <span class='ocrx_word' id='word_1_196' title='bbox 922 2057 1101 2126; x_wconf 89' lang='lat' dir='ltr'>palam</span> <span class='ocrx_word' id='word_1_197' title='bbox 1140 2057 1408 2125; x_wconf 87' lang='lat' dir='ltr'>laqueum,</span> <span class='ocrx_word' id='word_1_198' title='bbox 1449 2075 1606 2126; x_wconf 91' lang='lat' dir='ltr'>quem</span> <span class='ocrx_word' id='word_1_199' title='bbox 1639 2058 1842 2110; x_wconf 88' lang='lat' dir='ltr'>occulte</span> <span class='ocrx_word' id='word_1_200' title='bbox 1872 2061 2041 2108; x_wconf 92' lang='lat' dir='ltr'>teten-</span> 
     </span>
     <span class='ocr_line' id='line_1_27' title="bbox 161 2126 2042 2195; baseline -0.001 -15"><span class='ocrx_word' id='word_1_201' title='bbox 161 2128 370 2181; x_wconf 89' lang='lat' dir='ltr'>derunt.</span> <span class='ocrx_word' id='word_1_202' title='bbox 446 2128 537 2180; x_wconf 93' lang='lat' dir='ltr'>Hii</span> <span class='ocrx_word' id='word_1_203' title='bbox 576 2127 641 2180; x_wconf 92' lang='lat' dir='ltr'>de</span> <span class='ocrx_word' id='word_1_204' title='bbox 679 2129 862 2181; x_wconf 91' lang='lat' dir='ltr'>multis</span> <span class='ocrx_word' id='word_1_205' title='bbox 899 2128 1249 2195; x_wconf 80' lang='lat' dir='ltr'>interrogati11</span> <span class='ocrx_word' id='word_1_206' title='bbox 1287 2132 1341 2180; x_wconf 91' lang='lat' dir='ltr'>et</span> <span class='ocrx_word' id='word_1_207' title='bbox 1376 2128 1511 2181; x_wconf 92' lang='lat' dir='ltr'>nihil</span> <span class='ocrx_word' id='word_1_208' title='bbox 1551 2128 1616 2181; x_wconf 91' lang='lat' dir='ltr'>de</span> <span class='ocrx_word' id='word_1_209' title='bbox 1659 2129 1761 2180; x_wconf 90' lang='lat' dir='ltr'>hiis</span> <span class='ocrx_word' id='word_1_210' title='bbox 1799 2126 2042 2180; x_wconf 90' lang='lat' dir='ltr'>omnibus</span> 
     </span>
     <span class='ocr_line' id='line_1_28' title="bbox 160 2198 2040 2268; baseline -0.001 -17"><span class='ocrx_word' id='word_1_211' title='bbox 160 2199 396 2252; x_wconf 84' lang='lat' dir='ltr'>volentes</span> <span class='ocrx_word' id='word_1_212' title='bbox 452 2198 692 2266; x_wconf 89' lang='lat' dir='ltr'>profiteri</span> <span class='ocrx_word' id='word_1_213' title='bbox 747 2200 802 2251; x_wconf 92' lang='lat' dir='ltr'>in</span> <span class='ocrx_word' id='word_1_214' title='bbox 858 2216 964 2251; x_wconf 92' lang='lat' dir='ltr'>uno</span> <span class='ocrx_word' id='word_1_215' title='bbox 1025 2198 1159 2251; x_wconf 90' lang='lat' dir='ltr'>colle</span> <span class='ocrx_word' id='word_1_216' title='bbox 1206 2200 1410 2267; x_wconf 88' lang='lat' dir='ltr'>pariter</span> <span class='ocrx_word' id='word_1_217' title='bbox 1457 2199 1773 2268; x_wconf 87' lang='lat' dir='ltr'>susspendio</span> <span class='ocrx_word' id='word_1_218' title='bbox 1821 2199 2040 2267; x_wconf 91' lang='lat' dir='ltr'>periere.</span> 
     </span>
     <span class='ocr_line' id='line_1_29' title="bbox 161 2269 2044 2338; baseline -0.001 -16"><span class='ocrx_word' id='word_1_219' title='bbox 161 2270 541 2323; x_wconf 87' lang='lat' dir='ltr'>Infirmabatur</span> <span class='ocrx_word' id='word_1_220' title='bbox 577 2275 703 2322; x_wconf 89' lang='lat' dir='ltr'>tunc</span> <span class='ocrx_word' id='word_1_221' title='bbox 740 2270 941 2323; x_wconf 89' lang='lat' dir='ltr'>ibidem</span> <span class='ocrx_word' id='word_1_222' title='bbox 977 2287 1073 2321; x_wconf 88' lang='lat' dir='ltr'>rex</span> <span class='ocrx_word' id='word_1_223' title='bbox 1111 2275 1164 2322; x_wconf 91' lang='lat' dir='ltr'>et</span> <span class='ocrx_word' id='word_1_224' title='bbox 1203 2269 1306 2322; x_wconf 88' lang='lat' dir='ltr'>sibi</span> <span class='ocrx_word' id='word_1_225' title='bbox 1344 2270 1571 2323; x_wconf 89' lang='lat' dir='ltr'>dilectus</span> <span class='ocrx_word' id='word_1_226' title='bbox 1602 2270 1820 2338; x_wconf 82' lang='lat' dir='ltr'>Tagino.</span> <span class='ocrx_word' id='word_1_227' title='bbox 1896 2269 2044 2321; x_wconf 88' lang='lat' dir='ltr'>Tunc</span> 
     </span>
     <span class='ocr_line' id='line_1_30' title="bbox 161 2329 2304 2413; baseline 0 -20"><span class='ocrx_word' id='word_1_228' title='bbox 161 2342 428 2408; x_wconf 88' lang='lat' dir='ltr'>principes</span> <span class='ocrx_word' id='word_1_229' title='bbox 473 2342 723 2409; x_wconf 83' lang='lat' dir='ltr'>angustoi</span> <span class='ocrx_word' id='word_1_230' title='bbox 773 2346 990 2394; x_wconf 86' lang='lat' dir='ltr'>versant</span> <span class='ocrx_word' id='word_1_231' title='bbox 1025 2341 1080 2392; x_wconf 92' lang='lat' dir='ltr'>in</span> <span class='ocrx_word' id='word_1_232' title='bbox 1118 2346 1356 2409; x_wconf 87' lang='lat' dir='ltr'>pectore,</span> <span class='ocrx_word' id='word_1_233' title='bbox 1404 2342 1534 2409; x_wconf 90' lang='lat' dir='ltr'>quid</span> <span class='ocrx_word' id='word_1_234' title='bbox 1572 2341 1788 2394; x_wconf 88' lang='lat' dir='ltr'>deberet</span> <span class='ocrx_word' id='word_1_235' title='bbox 1823 2339 1940 2393; x_wconf 87' lang='lat' dir='ltr'>fieri</span> <span class='ocrx_word' id='word_1_236' title='bbox 1979 2340 2044 2393; x_wconf 91' lang='lat' dir='ltr'>de</span> <span class='ocrx_word' id='word_1_237' title='bbox 2060 2329 2304 2413; x_wconf 43' lang='grc' dir='ltr'>Ῡθῖξῑξῗξὲἷὲ·</span> 
     </span>
     <span class='ocr_line' id='line_1_31' title="bbox 160 2411 2045 2480; baseline 0 -17"><span class='ocrx_word' id='word_1_238' title='bbox 160 2412 373 2480; x_wconf 91' lang='lat' dir='ltr'>incepta</span> <span class='ocrx_word' id='word_1_239' title='bbox 418 2412 806 2480; x_wconf 73' lang='lat' dir='ltr'>expeditionek.</span> <span class='ocrx_word' id='word_1_240' title='bbox 881 2412 1116 2464; x_wconf 87' lang='lat' dir='ltr'>Tandem</span> <span class='ocrx_word' id='word_1_241' title='bbox 1163 2411 1232 2464; x_wconf 91' lang='lat' dir='ltr'>ab</span> <span class='ocrx_word' id='word_1_242' title='bbox 1280 2412 1384 2464; x_wconf 89' lang='lat' dir='ltr'>hiis</span> <span class='ocrx_word' id='word_1_243' title='bbox 1429 2414 1699 2465; x_wconf 86' lang='lat' dir='ltr'>inventum</span> <span class='ocrx_word' id='word_1_244' title='bbox 1745 2417 1848 2475; x_wconf 88' lang='lat' dir='ltr'>est,</span> <span class='ocrx_word' id='word_1_245' title='bbox 1899 2411 2045 2478; x_wconf 89' lang='lat' dir='ltr'>quod</span> 
     </span>
     <span class='ocr_line' id='line_1_32' title="bbox 162 2481 2043 2554; baseline 0 -20"><span class='ocrx_word' id='word_1_246' title='bbox 162 2501 255 2534; x_wconf 89' lang='lat' dir='ltr'>rex</span> <span class='ocrx_word' id='word_1_247' title='bbox 316 2501 435 2536; x_wconf 90' lang='grc'><strong>011111</strong></span> <span class='ocrx_word' id='word_1_248' title='bbox 496 2484 761 2552; x_wconf 88' lang='lat' dir='ltr'>episcopis</span> <span class='ocrx_word' id='word_1_249' title='bbox 822 2481 1180 2554; x_wconf 88' lang='lat' dir='ltr'>[quibusdam]</span> <span class='ocrx_word' id='word_1_250' title='bbox 1241 2489 1295 2535; x_wconf 89' lang='lat' dir='ltr'>et</span> <span class='ocrx_word' id='word_1_251' title='bbox 1359 2483 1639 2535; x_wconf 88' lang='lat' dir='ltr'>infirmiori</span> <span class='ocrx_word' id='word_1_252' title='bbox 1701 2482 2043 2535; x_wconf 89' lang='lat' dir='ltr'>multitudine</span> 
     </span>
     <span class='ocr_line' id='line_1_33' title="bbox 161 2553 2044 2623; baseline -0.001 -17"><span class='ocrx_word' id='word_1_253' title='bbox 161 2554 380 2618; x_wconf 81' lang='lat' dir='ltr'>rediret3</span> <span class='ocrx_word' id='word_1_254' title='bbox 429 2554 683 2607; x_wconf 91' lang='lat' dir='ltr'>Arnulfus</span> <span class='ocrx_word' id='word_1_255' title='bbox 729 2560 909 2608; x_wconf 91' lang='lat' dir='ltr'>autem</span> <span class='ocrx_word' id='word_1_256' title='bbox 954 2558 1008 2607; x_wconf 92' lang='lat' dir='ltr'>et</span> <span class='ocrx_word' id='word_1_257' title='bbox 1045 2554 1428 2606; x_wconf 86' lang='lat' dir='ltr'>Meinwercus⁵</span> <span class='ocrx_word' id='word_1_258' title='bbox 1473 2555 1707 2623; x_wconf 88' lang='lat' dir='ltr'>episcopi</span> <span class='ocrx_word' id='word_1_259' title='bbox 1750 2571 1870 2606; x_wconf 92' lang='lat' dir='ltr'>cum</span> <span class='ocrx_word' id='word_1_260' title='bbox 1909 2553 2044 2606; x_wconf 91' lang='lat' dir='ltr'>duce</span> 
     </span>
     <span class='ocr_line' id='line_1_34' title="bbox 162 2624 2045 2692; baseline -0.001 -15"><span class='ocrx_word' id='word_1_261' title='bbox 162 2625 410 2678; x_wconf 87' lang='lat' dir='ltr'>Iarimiro</span> <span class='ocrx_word' id='word_1_262' title='bbox 455 2630 509 2678; x_wconf 90' lang='lat' dir='ltr'>et</span> <span class='ocrx_word' id='word_1_263' title='bbox 554 2624 953 2678; x_wconf 87' lang='lat' dir='ltr'>marchionibus</span> <span class='ocrx_word' id='word_1_264' title='bbox 994 2625 1201 2677; x_wconf 71' lang='lat' dir='ltr'>Get-one</span> <span class='ocrx_word' id='word_1_265' title='bbox 1247 2632 1300 2678; x_wconf 91' lang='lat' dir='ltr'>et</span> <span class='ocrx_word' id='word_1_266' title='bbox 1348 2625 1665 2677; x_wconf 84' lang='lat' dir='ltr'>Hirimanno</span> <span class='ocrx_word' id='word_1_267' title='bbox 1711 2625 2045 2692; x_wconf 89' lang='lat' dir='ltr'>caeterisque</span> 
     </span>
     <span class='ocr_line' id='line_1_35' title="bbox 163 2695 2043 2765; baseline -0.001 -16"><span class='ocrx_word' id='word_1_268' title='bbox 163 2696 526 2765; x_wconf 89' lang='lat' dir='ltr'>compluribus</span> <span class='ocrx_word' id='word_1_269' title='bbox 559 2696 796 2749; x_wconf 74' lang='lat' dir='ltr'>Cilensiss</span> <span class='ocrx_word' id='word_1_270' title='bbox 826 2700 880 2748; x_wconf 90' lang='lat' dir='ltr'>et</span> <span class='ocrx_word' id='word_1_271' title='bbox 911 2696 1126 2748; x_wconf 90' lang='lat' dir='ltr'>Diedesi</span> <span class='ocrx_word' id='word_1_272' title='bbox 1151 2701 1435 2751; x_wconf 88' lang='lat' dir='ltr'>vastarent.</span> <span class='ocrx_word' id='word_1_273' title='bbox 1490 2696 1682 2764; x_wconf 83' lang='lat' dir='ltr'>Sicque</span> <span class='ocrx_word' id='word_1_274' title='bbox 1714 2695 1916 2749; x_wconf 84' lang='lat' dir='ltr'>factum</span> <span class='ocrx_word' id='word_1_275' title='bbox 1948 2700 2043 2748; x_wconf 90' lang='lat' dir='ltr'>est.</span> 
     </span>
    </p>
   </div>
   <div class='ocr_carea' id='block_1_4' title="bbox 256 2823 1119 2881">
    <p class='ocr_par' dir='ltr' id='par_1_4' title="bbox 256 2823 1119 2881">
     <span class='ocr_line' id='line_1_36' title="bbox 256 2823 1119 2881; baseline 0.005 -14"><span class='ocrx_word' id='word_1_276' title='bbox 256 2823 301 2877; x_wconf 64' lang='lat'>²¹⁶)</span> <span class='ocrx_word' id='word_1_277' title='bbox 334 2837 414 2867; x_wconf 90' lang='lat' dir='ltr'>nec</span> <span class='ocrx_word' id='word_1_278' title='bbox 445 2824 559 2867; x_wconf 88' lang='lat' dir='ltr'>alius</span> <span class='ocrx_word' id='word_1_279' title='bbox 590 2824 687 2881; x_wconf 87' lang='lat' dir='ltr'>quis</span> <span class='ocrx_word' id='word_1_280' title='bbox 718 2823 917 2869; x_wconf 87' lang='lat' dir='ltr'>redditor</span> <span class='ocrx_word' id='word_1_281' title='bbox 947 2827 1052 2870; x_wconf 85' lang='lat' dir='ltr'>add.</span> <span class='ocrx_word' id='word_1_282' title='bbox 1079 2827 1119 2871; x_wconf 79' lang='lat'>2.</span> 
     </span>
    </p>
   </div>
   <div class='ocr_carea' id='block_1_5' title="bbox 90 2935 2046 2979">
    <p class='ocr_par' dir='ltr' id='par_1_5' title="bbox 90 2935 2046 2979">
     <span class='ocr_line' id='line_1_37' title="bbox 90 2935 2046 2979; baseline 0.001 -12"><span class='ocrx_word' id='word_1_283' title='bbox 90 2964 92 2967; x_wconf 80' lang='grc'>,</span> <span class='ocrx_word' id='word_1_284' title='bbox 163 2935 198 2976; x_wconf 82' lang='lat' dir='ltr'>a)</span> <span class='ocrx_word' id='word_1_285' title='bbox 235 2937 400 2968; x_wconf 83' lang='lat' dir='ltr'>noecium</span> <span class='ocrx_word' id='word_1_286' title='bbox 424 2937 472 2977; x_wconf 83' lang='lat' dir='ltr'>B3</span> <span class='ocrx_word' id='word_1_287' title='bbox 496 2937 666 2968; x_wconf 83' lang='lat' dir='ltr'>nuceium</span> <span class='ocrx_word' id='word_1_288' title='bbox 696 2938 734 2970; x_wconf 86' lang='lat' dir='ltr'>T.</span> <span class='ocrx_word' id='word_1_289' title='bbox 836 2937 874 2979; x_wconf 89' lang='lat' dir='ltr'>b)</span> <span class='ocrx_word' id='word_1_290' title='bbox 909 2940 1014 2971; x_wconf 64' lang='lat' dir='ltr'>vtute</span> <span class='ocrx_word' id='word_1_291' title='bbox 1036 2940 1080 2979; x_wconf 93' lang='lat' dir='ltr'>B,</span> <span class='ocrx_word' id='word_1_292' title='bbox 1102 2948 1191 2971; x_wconf 84' lang='lat' dir='ltr'>corr.</span> <span class='ocrx_word' id='word_1_293' title='bbox 1211 2940 1252 2971; x_wconf 78' lang='grc' dir='ltr'>Τ.</span> <span class='ocrx_word' id='word_1_294' title='bbox 1365 2937 1398 2978; x_wconf 89' lang='grc'>0)</span> <span class='ocrx_word' id='word_1_295' title='bbox 1434 2939 1626 2970; x_wconf 85' lang='lat' dir='ltr'>reuuoluit</span> <span class='ocrx_word' id='word_1_296' title='bbox 1648 2939 1691 2969; x_wconf 88' lang='lat' dir='ltr'>B.</span> <span class='ocrx_word' id='word_1_297' title='bbox 1802 2936 1838 2976; x_wconf 83' lang='lat' dir='ltr'>d)</span> <span class='ocrx_word' id='word_1_298' title='bbox 1878 2937 1981 2968; x_wconf 74' lang='lat' dir='ltr'>atrici</span> <span class='ocrx_word' id='word_1_299' title='bbox 2003 2938 2046 2977; x_wconf 88' lang='lat' dir='ltr'>B,</span> 
     </span>
    </p>
   </div>
   <div class='ocr_carea' id='block_1_6' title="bbox 164 2978 2044 3061">
    <p class='ocr_par' dir='ltr' id='par_1_6' title="bbox 164 2978 2044 3061">
     <span class='ocr_line' id='line_1_38' title="bbox 165 2978 2044 3023; baseline 0.001 -13"><span class='ocrx_word' id='word_1_300' title='bbox 165 2988 251 3011; x_wconf 86' lang='lat' dir='ltr'>corr.</span> <span class='ocrx_word' id='word_1_301' title='bbox 272 2980 311 3010; x_wconf 82' lang='grc' dir='ltr'>Τ.</span> <span class='ocrx_word' id='word_1_302' title='bbox 414 2978 449 3020; x_wconf 86' lang='grc'>0)</span> <span class='ocrx_word' id='word_1_303' title='bbox 479 2979 640 3011; x_wconf 60' lang='lat' dir='ltr'>iussione</span> <span class='ocrx_word' id='word_1_304' title='bbox 662 2981 694 3012; x_wconf 90' lang='lat'>1.</span> <span class='ocrx_word' id='word_1_305' title='bbox 783 2980 812 3020; x_wconf 84' lang='lat' dir='ltr'>f)</span> <span class='ocrx_word' id='word_1_306' title='bbox 843 2989 909 3021; x_wconf 85' lang='lat' dir='ltr'>pro</span> <span class='ocrx_word' id='word_1_307' title='bbox 932 2983 965 3014; x_wconf 87' lang='lat'>1.</span> <span class='ocrx_word' id='word_1_308' title='bbox 1067 2981 1104 3023; x_wconf 80' lang='lat' dir='ltr'>g)</span> <span class='ocrx_word' id='word_1_309' title='bbox 1133 2982 1237 3014; x_wconf 84' lang='lat' dir='ltr'>luziti</span> <span class='ocrx_word' id='word_1_310' title='bbox 1262 2984 1291 3014; x_wconf 88' lang='lat'>1.</span> <span class='ocrx_word' id='word_1_311' title='bbox 1388 2979 1429 3021; x_wconf 92' lang='lat' dir='ltr'>h)</span> <span class='ocrx_word' id='word_1_312' title='bbox 1458 2981 1649 3020; x_wconf 80' lang='lat' dir='ltr'>interogati</span> <span class='ocrx_word' id='word_1_313' title='bbox 1674 2983 1703 3013; x_wconf 88' lang='lat'>1.</span> <span class='ocrx_word' id='word_1_314' title='bbox 1788 2979 1817 3021; x_wconf 84' lang='lat'>1)</span> <span class='ocrx_word' id='word_1_315' title='bbox 1839 2982 1992 3019; x_wconf 77' lang='lat' dir='ltr'>augusto</span> <span class='ocrx_word' id='word_1_316' title='bbox 2016 2982 2044 3012; x_wconf 85' lang='lat' dir='ltr'>l.</span> 
     </span>
     <span class='ocr_line' id='line_1_39' title="bbox 164 3020 549 3061; baseline 0.003 -8"><span class='ocrx_word' id='word_1_317' title='bbox 164 3020 205 3061; x_wconf 85' lang='lat' dir='ltr'>k)</span> <span class='ocrx_word' id='word_1_318' title='bbox 229 3022 479 3061; x_wconf 83' lang='lat' dir='ltr'>exspeditione</span> <span class='ocrx_word' id='word_1_319' title='bbox 505 3023 549 3054; x_wconf 92' lang='lat' dir='ltr'>B.</span> 
     </span>
    </p>
   </div>
   <div class='ocr_carea' id='block_1_7' title="bbox 165 3123 2050 3687">
    <p class='ocr_par' dir='ltr' id='par_1_7' title="bbox 165 3123 2050 3687">
     <span class='ocr_line' id='line_1_40' title="bbox 166 3123 2045 3178; baseline 0 -14"><span class='ocrx_word' id='word_1_320' title='bbox 166 3123 208 3173; x_wconf 88' lang='lat'>1)</span> <span class='ocrx_word' id='word_1_321' title='bbox 239 3123 298 3165; x_wconf 78' lang='lat' dir='ltr'>In</span> <span class='ocrx_word' id='word_1_322' title='bbox 330 3136 373 3166; x_wconf 87' lang='lat' dir='ltr'>a.</span> <span class='ocrx_word' id='word_1_323' title='bbox 407 3123 515 3166; x_wconf 88' lang='lat'>1011</span> <span class='ocrx_word' id='word_1_324' title='bbox 547 3123 688 3177; x_wconf 72' lang='lat' dir='ltr'>iqitur</span> <span class='ocrx_word' id='word_1_325' title='bbox 717 3128 866 3167; x_wconf 77' lang='lat' dir='ltr'>noster</span> <span class='ocrx_word' id='word_1_326' title='bbox 896 3124 1015 3168; x_wconf 80' lang='lat' dir='ltr'>haue</span> <span class='ocrx_word' id='word_1_327' title='bbox 1045 3123 1373 3178; x_wconf 67' lang='lat' dir='ltr'>empeditionem</span> <span class='ocrx_word' id='word_1_328' title='bbox 1401 3137 1567 3178; x_wconf 77' lang='lat' dir='ltr'>ponere</span> <span class='ocrx_word' id='word_1_329' title='bbox 1597 3123 1797 3172; x_wconf 73' lang='lat' dir='ltr'>videtur,</span> <span class='ocrx_word' id='word_1_330' title='bbox 1835 3135 1971 3177; x_wconf 79' lang='lat' dir='ltr'>quam</span> <span class='ocrx_word' id='word_1_331' title='bbox 2002 3136 2045 3165; x_wconf 90' lang='lat' dir='ltr'>a.</span> 
     </span>
     <span class='ocr_line' id='line_1_41' title="bbox 167 3177 2045 3235; baseline 0 -14"><span class='ocrx_word' id='word_1_332' title='bbox 167 3179 279 3222; x_wconf 87' lang='grc'><strong>1010</strong></span> <span class='ocrx_word' id='word_1_333' title='bbox 299 3177 451 3232; x_wconf 74' lang='lat' dir='ltr'>fuisse</span> <span class='ocrx_word' id='word_1_334' title='bbox 481 3193 538 3223; x_wconf 75' lang='lat' dir='ltr'>eoe</span> <span class='ocrx_word' id='word_1_335' title='bbox 568 3180 689 3223; x_wconf 79' lang='lat' dir='ltr'>Ami.</span> <span class='ocrx_word' id='word_1_336' title='bbox 723 3180 879 3231; x_wconf 76' lang='lat' dir='ltr'>Quedl.</span> <span class='ocrx_word' id='word_1_337' title='bbox 910 3186 951 3223; x_wconf 77' lang='lat' dir='ltr'>et</span> <span class='ocrx_word' id='word_1_338' title='bbox 981 3194 1037 3224; x_wconf 76' lang='lat' dir='ltr'>eoe</span> <span class='ocrx_word' id='word_1_339' title='bbox 1066 3180 1303 3223; x_wconf 75' lang='lat' dir='ltr'>itinerario</span> <span class='ocrx_word' id='word_1_340' title='bbox 1339 3181 1460 3235; x_wconf 73' lang='lat' dir='ltr'>reyis</span> <span class='ocrx_word' id='word_1_341' title='bbox 1492 3185 1678 3224; x_wconf 77' lang='lat' dir='ltr'>constat.</span> <span class='ocrx_word' id='word_1_342' title='bbox 1816 3180 1860 3231; x_wconf 82' lang='lat'>2)</span> <span class='ocrx_word' id='word_1_343' title='bbox 1900 3178 2045 3235; x_wconf 85' lang='lat' dir='ltr'>Bialy,</span> 
     </span>
     <span class='ocr_line' id='line_1_42' title="bbox 166 3234 2046 3292; baseline 0 -15"><span class='ocrx_word' id='word_1_344' title='bbox 166 3234 283 3278; x_wconf 89' lang='lat' dir='ltr'>bielo</span> <span class='ocrx_word' id='word_1_345' title='bbox 306 3237 414 3290; x_wconf 64' lang='lat' dir='ltr'>pol„</span> <span class='ocrx_word' id='word_1_346' title='bbox 456 3234 555 3279; x_wconf 69' lang='lat' dir='ltr'>bele</span> <span class='ocrx_word' id='word_1_347' title='bbox 587 3237 723 3279; x_wconf 87' lang='lat' dir='ltr'>boem.</span> <span class='ocrx_word' id='word_1_348' title='bbox 754 3252 811 3272; x_wconf 89' lang='lat'><strong><em>=</em></strong></span> <span class='ocrx_word' id='word_1_349' title='bbox 841 3238 997 3286; x_wconf 80' lang='lat' dir='ltr'>albus‚·</span> <span class='ocrx_word' id='word_1_350' title='bbox 1040 3250 1148 3292; x_wconf 87' lang='lat' dir='ltr'>gora</span> <span class='ocrx_word' id='word_1_351' title='bbox 1172 3239 1266 3292; x_wconf 74' lang='lat' dir='ltr'>pol.</span> <span class='ocrx_word' id='word_1_352' title='bbox 1296 3253 1353 3272; x_wconf 91' lang='lat'><strong><em>=</em></strong></span> <span class='ocrx_word' id='word_1_353' title='bbox 1381 3250 1522 3280; x_wconf 79' lang='lat' dir='ltr'>mons.</span> <span class='ocrx_word' id='word_1_354' title='bbox 1597 3238 1792 3292; x_wconf 70' lang='lat' dir='ltr'>Belyern</span> <span class='ocrx_word' id='word_1_355' title='bbox 1829 3236 2046 3290; x_wconf 79' lang='lat' dir='ltr'>oppidum</span> 
     </span>
     <span class='ocr_line' id='line_1_43' title="bbox 165 3291 2045 3348; baseline 0.001 -14"><span class='ocrx_word' id='word_1_356' title='bbox 165 3291 214 3334; x_wconf 80' lang='lat' dir='ltr'>iu</span> <span class='ocrx_word' id='word_1_357' title='bbox 243 3293 434 3336; x_wconf 76' lang='lat' dir='ltr'>sinistra</span> <span class='ocrx_word' id='word_1_358' title='bbox 457 3294 587 3337; x_wconf 84' lang='lat' dir='ltr'>Albis</span> <span class='ocrx_word' id='word_1_359' title='bbox 616 3293 722 3348; x_wconf 80' lang='lat' dir='ltr'>ripa</span> <span class='ocrx_word' id='word_1_360' title='bbox 751 3306 894 3347; x_wconf 76' lang='lat' dir='ltr'>supra</span> <span class='ocrx_word' id='word_1_361' title='bbox 928 3294 1110 3348; x_wconf 71' lang='lat' dir='ltr'>I&#39;oryau</span> <span class='ocrx_word' id='word_1_362' title='bbox 1139 3296 1274 3337; x_wconf 79' lang='lat' dir='ltr'>situm</span> <span class='ocrx_word' id='word_1_363' title='bbox 1305 3299 1381 3338; x_wconf 83' lang='lat' dir='ltr'>est.</span> <span class='ocrx_word' id='word_1_364' title='bbox 1499 3295 1542 3344; x_wconf 91' lang='lat'>3)</span> <span class='ocrx_word' id='word_1_365' title='bbox 1579 3292 1770 3346; x_wconf 80' lang='lat' dir='ltr'>Gehren,</span> <span class='ocrx_word' id='word_1_366' title='bbox 1800 3293 1909 3336; x_wconf 85' lang='lat' dir='ltr'>villa</span> <span class='ocrx_word' id='word_1_367' title='bbox 1935 3306 2045 3347; x_wconf 82' lang='lat' dir='ltr'>par-</span> 
     </span>
     <span class='ocr_line' id='line_1_44' title="bbox 165 3349 2047 3405; baseline 0.001 -14"><span class='ocrx_word' id='word_1_368' title='bbox 165 3349 379 3392; x_wconf 79' lang='lat' dir='ltr'>rochialis</span> <span class='ocrx_word' id='word_1_369' title='bbox 410 3350 456 3392; x_wconf 83' lang='lat' dir='ltr'>in</span> <span class='ocrx_word' id='word_1_370' title='bbox 490 3351 699 3394; x_wconf 76' lang='lat' dir='ltr'>ewtremis</span> <span class='ocrx_word' id='word_1_371' title='bbox 728 3350 898 3403; x_wconf 72' lang='lat' dir='ltr'>fiinibus</span> <span class='ocrx_word' id='word_1_372' title='bbox 930 3352 1089 3394; x_wconf 81' lang='lat' dir='ltr'>circuli</span> <span class='ocrx_word' id='word_1_373' title='bbox 1097 3351 1432 3395; x_wconf 81' lang='lat' dir='ltr'>Luccaviensis</span> <span class='ocrx_word' id='word_1_374' title='bbox 1454 3350 1687 3405; x_wconf 76' lang='lat' dir='ltr'>ipsiusque</span> <span class='ocrx_word' id='word_1_375' title='bbox 1709 3349 2047 3393; x_wconf 78' lang='lat' dir='ltr'>marchionatus</span> 
     </span>
     <span class='ocr_line' id='line_1_45' title="bbox 166 3405 2048 3460; baseline 0.001 -13"><span class='ocrx_word' id='word_1_376' title='bbox 166 3405 397 3458; x_wconf 78' lang='lat' dir='ltr'>inferioris</span> <span class='ocrx_word' id='word_1_377' title='bbox 419 3408 657 3451; x_wconf 80' lang='lat' dir='ltr'>Lusatiae.</span> <span class='ocrx_word' id='word_1_378' title='bbox 697 3407 829 3451; x_wconf 82' lang='lat' dir='ltr'><strong><em>URS.</em></strong></span> <span class='ocrx_word' id='word_1_379' title='bbox 878 3406 945 3460; x_wconf 87' lang='lat' dir='ltr'>Of.</span> <span class='ocrx_word' id='word_1_380' title='bbox 964 3408 1099 3452; x_wconf 78' lang='lat' dir='ltr'>etiam</span> <span class='ocrx_word' id='word_1_381' title='bbox 1127 3406 1319 3451; x_wconf 79' lang='lat' dir='ltr'>‘Jahrb.⁷</span> <span class='ocrx_word' id='word_1_382' title='bbox 1344 3408 1417 3460; x_wconf 88' lang='lat' dir='ltr'>II,</span> <span class='ocrx_word' id='word_1_383' title='bbox 1442 3407 1682 3450; x_wconf 72' lang='lat'>292—293.</span> <span class='ocrx_word' id='word_1_384' title='bbox 1770 3406 1815 3458; x_wconf 86' lang='lat'>4)</span> <span class='ocrx_word' id='word_1_385' title='bbox 1841 3407 2048 3460; x_wconf 73' lang='lat' dir='ltr'>Maynus</span> 
     </span>
     <span class='ocr_line' id='line_1_46' title="bbox 168 3462 2046 3518; baseline 0 -14"><span class='ocrx_word' id='word_1_386' title='bbox 168 3462 296 3505; x_wconf 82' lang='lat' dir='ltr'>audit</span> <span class='ocrx_word' id='word_1_387' title='bbox 318 3463 451 3506; x_wconf 76' lang='lat' dir='ltr'>etiam</span> <span class='ocrx_word' id='word_1_388' title='bbox 476 3465 603 3518; x_wconf 79' lang='lat' dir='ltr'>apud</span> <span class='ocrx_word' id='word_1_389' title='bbox 638 3464 967 3507; x_wconf 80' lang='lat' dir='ltr'>Widulcindum</span> <span class='ocrx_word' id='word_1_390' title='bbox 994 3465 1096 3517; x_wconf 89' lang='lat' dir='ltr'>III,</span> <span class='ocrx_word' id='word_1_391' title='bbox 1128 3465 1184 3507; x_wconf 82' lang='lat'>54</span> <span class='ocrx_word' id='word_1_392' title='bbox 1215 3464 1323 3507; x_wconf 79' lang='lat' dir='ltr'>etin</span> <span class='ocrx_word' id='word_1_393' title='bbox 1349 3464 1470 3506; x_wconf 85' lang='lat' dir='ltr'>Arm.</span> <span class='ocrx_word' id='word_1_394' title='bbox 1497 3463 1731 3514; x_wconf 79' lang='lat' dir='ltr'>Quedlinb.</span> <span class='ocrx_word' id='word_1_395' title='bbox 1757 3477 1798 3505; x_wconf 79' lang='grc' dir='ltr'>α.</span> <span class='ocrx_word' id='word_1_396' title='bbox 1825 3463 1950 3507; x_wconf 88' lang='lat'>1013.</span> <span class='ocrx_word' id='word_1_397' title='bbox 1992 3463 2046 3505; x_wconf 91' lang='lat' dir='ltr'>L.</span> 
     </span>
     <span class='ocr_line' id='line_1_47' title="bbox 167 3517 2047 3576; baseline -0.001 -14"><span class='ocrx_word' id='word_1_398' title='bbox 167 3518 211 3570; x_wconf 83' lang='lat'>5)</span> <span class='ocrx_word' id='word_1_399' title='bbox 243 3519 633 3564; x_wconf 77' lang='lat' dir='ltr'>Puderborneusis</span> <span class='ocrx_word' id='word_1_400' title='bbox 663 3522 899 3576; x_wconf 73' lang='lat' dir='ltr'>episcopus</span> <span class='ocrx_word' id='word_1_401' title='bbox 932 3522 1242 3565; x_wconf 89' lang='grc'><strong>1009-1036.</strong></span> <span class='ocrx_word' id='word_1_402' title='bbox 1370 3518 1413 3572; x_wconf 88' lang='grc'>6)</span> <span class='ocrx_word' id='word_1_403' title='bbox 1453 3518 1623 3563; x_wconf 80' lang='lat' dir='ltr'>Gilensi</span> <span class='ocrx_word' id='word_1_404' title='bbox 1650 3519 1743 3562; x_wconf 84' lang='lat' dir='ltr'>sive</span> <span class='ocrx_word' id='word_1_405' title='bbox 1773 3518 1943 3563; x_wconf 79' lang='lat' dir='ltr'>Sileusi</span> <span class='ocrx_word' id='word_1_406' title='bbox 1967 3517 2047 3573; x_wconf 85' lang='lat' dir='ltr'>(cf.</span> 
     </span>
     <span class='ocr_line' id='line_1_48' title="bbox 172 3574 2048 3633; baseline 0 -15"><span class='ocrx_word' id='word_1_407' title='bbox 172 3574 313 3630; x_wconf 86' lang='lat' dir='ltr'><em>VIII,</em></span> <span class='ocrx_word' id='word_1_408' title='bbox 353 3577 427 3627; x_wconf 85' lang='lat'>59)</span> <span class='ocrx_word' id='word_1_409' title='bbox 462 3590 628 3632; x_wconf 73' lang='lat' dir='ltr'>payus,</span> <span class='ocrx_word' id='word_1_410' title='bbox 668 3592 698 3620; x_wconf 85' lang='lat' dir='ltr'>a</span> <span class='ocrx_word' id='word_1_411' title='bbox 735 3590 822 3633; x_wconf 77' lang='lat' dir='ltr'>quo</span> <span class='ocrx_word' id='word_1_412' title='bbox 860 3576 1024 3620; x_wconf 78' lang='lat' dir='ltr'>Silesia</span> <span class='ocrx_word' id='word_1_413' title='bbox 1060 3591 1220 3620; x_wconf 77' lang='lat' dir='ltr'>nomeu</span> <span class='ocrx_word' id='word_1_414' title='bbox 1259 3577 1444 3630; x_wconf 80' lang='lat' dir='ltr'>accepit,</span> <span class='ocrx_word' id='word_1_415' title='bbox 1482 3576 1606 3630; x_wconf 74' lang='lat' dir='ltr'>reyio</span> <span class='ocrx_word' id='word_1_416' title='bbox 1648 3575 1883 3620; x_wconf 79' lang='lat' dir='ltr'>dicebatur</span> <span class='ocrx_word' id='word_1_417' title='bbox 1923 3576 2048 3619; x_wconf 81' lang='lat' dir='ltr'>circa</span> 
     </span>
     <span class='ocr_line' id='line_1_49' title="bbox 167 3632 2050 3687; baseline 0 -13"><span class='ocrx_word' id='word_1_418' title='bbox 167 3637 356 3675; x_wconf 80' lang='lat' dir='ltr'>montem</span> <span class='ocrx_word' id='word_1_419' title='bbox 381 3634 521 3677; x_wconf 70' lang='lat' dir='ltr'>Zlem</span> <span class='ocrx_word' id='word_1_420' title='bbox 544 3634 756 3685; x_wconf 79' lang='lat' dir='ltr'>(Zobten)</span> <span class='ocrx_word' id='word_1_421' title='bbox 777 3634 894 3677; x_wconf 78' lang='lat' dir='ltr'>iuter</span> <span class='ocrx_word' id='word_1_422' title='bbox 915 3633 1076 3687; x_wconf 83' lang='lat' dir='ltr'>fluvios</span> <span class='ocrx_word' id='word_1_423' title='bbox 1103 3634 1354 3684; x_wconf 69' lang='grc' dir='ltr'>Καιεόαοὴ,</span> <span class='ocrx_word' id='word_1_424' title='bbox 1381 3633 1511 3686; x_wconf 84' lang='lat' dir='ltr'>Oder,</span> <span class='ocrx_word' id='word_1_425' title='bbox 1545 3632 1730 3677; x_wconf 71' lang='lat' dir='ltr'>Glatzer</span> <span class='ocrx_word' id='word_1_426' title='bbox 1754 3633 1915 3676; x_wconf 83' lang='lat' dir='ltr'>Neisse</span> <span class='ocrx_word' id='word_1_427' title='bbox 1945 3633 2050 3676; x_wconf 79' lang='lat' dir='ltr'>sita.</span> 
     </span>
    </p>
   </div>
  </div>
 </body>
</html>
