2456 4036
371 215 457 259 220
777 214 1116 259 THIETMARI
1145 211 1363 258 CHRON.
1423 213 1537 257 LIB.
1570 212 1683 257 VIII
1714 213 1851 267 (VII).

214 352 340 397 1016.
374 342 612 394 solarum
664 342 976 395 abutuntur.
1078 339 1232 402 Quod
1277 357 1395 392 cum
1447 339 1640 391 domno
1685 339 1978 406 apostolico
2037 340 2250 394 nomine

371 413 661 466 Benedicto
719 412 865 464 fama
908 410 1161 474 deferret,
1216 427 1398 463 omnes
1455 416 1673 463 sanctae
1724 411 1914 464 matris
1959 411 2249 464 aecclesiae

372 491 481 536 tam
520 491 755 536 rectores
794 499 953 550 quam
993 480 1300 534 defensores
1349 499 1674 550 congregans
1719 487 1875 549 rogat
1911 498 1975 534 ac
2005 483 2250 550 precipit,

370 563 431 607 ut
467 555 711 607 inimicos
751 553 953 606 Christi
987 552 1120 605 talia
1156 559 1524 621 presumentes
1562 553 1788 605 viriliter
1825 571 2006 606 secum
2049 554 2250 606 inrum-

304 665 307 667 -
368 633 586 695 perenta
616 630 668 677 et
697 624 985 678 adiuvante
1017 624 1242 677 Domino
1279 624 1598 677 occiderent.
1671 624 1896 693 Insuper
1923 623 2250 678 ineffabilem

370 698 584 750 navium
644 694 1043 748 multitudinem
1102 695 1268 748 tacito
1326 696 1592 764 premisit,
1661 713 1798 764 quae
1857 697 1933 749 eis
1991 695 2251 749 redeundi

367 767 778 837 possibilitatem
801 767 1158 836 interciperet.
1211 766 1328 819 Hoc
1352 785 1446 820 rex
1465 766 1762 820 Saracenus
1780 766 1799 803 1
1822 767 2251 821 animadvertens

371 838 560 910 [primo
620 837 933 906 indignatur
1000 843 1054 890 et
1112 835 1348 909 tandem]
1420 839 1608 907 paucis
1667 839 1954 891 comitatus
2007 839 2252 892 navicula

367 909 666 978 periculum
714 910 998 962 imminens
1044 910 1237 975 evasit;
1291 909 1374 962 sui
1418 927 1544 963 vero
1599 926 1779 963 omnes
1824 910 2144 963 conveniunt
2199 916 2252 963 et

233 997 346 1040 nun.)
368 981 719 1034 adventantes
781 981 934 1048 prius
993 982 1208 1034 irruunt
1257 979 1472 1034 hostes2
1538 999 1731 1049 eosque
1789 999 1913 1034 mox
1971 981 2250 1049 fugientes,

367 1051 672 1106 miserabile
718 1052 888 1115 dictu,
942 1053 1021 1104 III
1067 1052 1182 1107 dies
1228 1059 1282 1105 et
1324 1058 1510 1106 noctes
1553 1057 1911 1122 prosternunt.
1998 1053 2253 1122 Respexit

364 1123 582 1177 tandem
625 1125 766 1177 Deus
812 1125 1012 1192 gemitu
1050 1125 1262 1193 piorum
1307 1124 1552 1193 placatus
1591 1129 1645 1177 et
1689 1124 1928 1178 odientes
1960 1141 2016 1177 se
2046 1124 2253 1193 fugavit

367 1202 420 1249 et
448 1196 504 1248 in
534 1201 745 1249 tantum
777 1195 987 1260 devicit,
1035 1201 1096 1248 ut
1126 1213 1223 1249 nec
1253 1212 1358 1247 uno
1398 1196 1463 1248 de
1495 1195 1599 1248 hiis
1630 1195 1817 1248 relicto
1849 1196 2252 1249 interfectorum

367 1273 420 1321 et
485 1266 776 1321 eorundem
843 1267 1137 1336 spoliorum
1203 1267 1604 1321 multitudinem
1669 1267 1896 1320 victores
1970 1285 2252 1321 numerare

365 1340 665 1408 nequirent.
761 1338 910 1392 Tunc
955 1340 1141 1407 regina
1191 1356 1374 1393 eorum
1431 1344 1590 1407 capta
1645 1337 1745 1391 obb
1791 1338 2073 1392 audaciam
2116 1338 2251 1392 viri3

367 1412 541 1480 capite
586 1411 855 1479 plectitur.
931 1411 1135 1464 Aurum
1182 1410 1412 1480 capitale
1465 1410 1704 1465 eiusdem
1747 1416 2122 1464 ornamentum
2172 1412 2251 1464 in-

366 1484 535 1535 vicem
579 1488 903 1551 gemmatum
947 1499 1089 1551 papa
1136 1482 1241 1535 sibi
1284 1500 1377 1551 pre
1423 1483 1650 1536 caeteris
1686 1482 1984 1535 vendicavit
2025 1487 2253 1551 postque

366 1554 678 1624 imperatori
702 1572 854 1607 suam
885 1554 1186 1608 transmisit
1205 1559 1431 1623 partem,
1462 1572 1600 1622 quae
1624 1554 1770 1607 mille
1801 1553 1953 1607 libris
1978 1562 2252 1623 computa-

364 1626 540 1680 batur.
631 1626 818 1679 Divisa
872 1626 1018 1678 omni
1067 1625 1235 1696 preda
1292 1626 1487 1679 victrix
1547 1625 1709 1678 turba
1766 1626 1909 1679 laeta
1959 1632 2137 1679 mente
2181 1625 2253 1679 ad

363 1699 588 1767 propria
618 1697 932 1751 *revertitur
969 1703 1023 1750 et
1061 1697 1415 1767 triumphanti
1447 1696 1663 1751 Christo
1701 1697 1890 1765 dignas
1927 1697 2293 1766 persolverat*
2368 1734 2378 1745 ·

365 1769 513 1825 odas,
588 1770 701 1822 Rex
738 1776 919 1823 autem
958 1770 1231 1836 predictus
1269 1775 1442 1822 morte
1490 1769 1732 1838 coniugis
1775 1773 1828 1822 et
1857 1769 2128 1823 sociorum
2160 1769 2253 1822 ad-

365 1841 585 1895 modum
626 1841 876 1895 turbatus
922 1859 1130 1894 summo
1165 1840 1410 1910 pontifici
1441 1858 1652 1894 saccum
1691 1842 1960 1895 castaneis
1996 1840 2253 1895 refertum

365 1914 575 1967 remisit
633 1918 685 1966 et
735 1931 830 1982 per
882 1912 1025 1966 hunc
1075 1914 1389 1982 portitorem
1449 1918 1530 1967 tot
1574 1931 1630 1966 se
1682 1913 1738 1965 in
1789 1913 2032 1983 proxima
2084 1917 2254 1967 estate

367 1985 565 2038 milites
604 1984 708 2038 sibi
746 2003 862 2038 esse
907 1985 1114 2038 laturos
1158 1985 1441 2040 intimavit.
1529 1985 1790 2052 Percepta
1841 1984 1944 2037 hac
1987 1984 2254 2053 legatione

365 2074 507 2127 papa
555 2058 927 2125 marsuppium
974 2056 1230 2110 eundemc
1275 2056 1422 2110 milio
1466 2056 1683 2125 plenum
1734 2056 2066 2110 internuntio
2104 2055 2295 2109 *tali-*

167 2145 341 2178 proverb.
368 2128 467 2182 bus
515 2128 672 2182 dictis
717 2128 978 2182 reddidit:
1033 2129 1107 2182 ‘Si
1152 2145 1257 2180 non
1303 2127 1539 2182 sufficiat
1582 2127 1685 2180 sibi
1730 2128 2081 2196 apostolicam
2122 2128 2254 2182 satis

196 2188 304 2228 ¹⁶'9‘
367 2201 589 2254 laesisse
635 2199 869 2266 dotemd‚
917 2200 1150 2254 secundo
1188 2201 1369 2253 veniat
1413 2205 1467 2253 et
1505 2205 1587 2254 tot
1630 2199 1881 2253 loricatos
1921 2199 2001 2253 vel
2038 2200 2157 2268 plus
2197 2217 2253 2254 se

368 2273 454 2326 hic
491 2273 828 2325 inventurum
866 2290 962 2340 pro
1001 2277 1145 2325 certo
1184 2272 1355 2328 sciat.’
1438 2271 1608 2324 Homo
1655 2272 1856 2339 cogitat
1900 2277 1955 2324 et
1997 2271 2252 2340 loquitur,

367 2345 511 2398 Deus
549 2343 776 2409 iudicat3
818 2362 973 2413 quem
1013 2343 1326 2413 suppliciter
1365 2344 1592 2413 quisque
1622 2342 1796 2395 fidelis
1830 2349 1960 2408 oret,
1999 2348 2060 2396 ut
2089 2344 2254 2397 talem

364 2416 580 2485 plagam
618 2415 1039 2469 misericorditer
1076 2421 1323 2469 amoveat
1360 2422 1412 2468 et
1449 2416 1805 2469 necessariam.
1851 2420 2068 2482 optatae
2103 2416 2252 2485 pacis

367 2489 716 2542 securitatem
752 2488 874 2555 pius
911 2487 1237 2555 indulgeat4.

188 2573 340 2608 Oct-16·
508 2561 595 2614 46.
635 2558 770 2631 (32.)
831 2559 894 2612 In
932 2559 1131 2623 insula,
1181 2576 1318 2628 quae
1364 2558 1561 2612 dicitur
1604 2557 1885 2627 Augia0·⁵,
1938 2557 2104 2611 XVII.
2132 2557 2249 2612 Kal.

367 2630 496 2687 Nov.
537 2631 702 2684 VIIII
740 2649 900 2684 naves
939 2629 1245 2684 hominibus
1282 2631 1574 2700 promiscui
1613 2647 1770 2683 sexus
1813 2627 1975 2703 [tunc]
2019 2630 2251 2698 inpletae

366 2704 503 2756 mari
543 2703 948 2769 immerguntur.

202 2782 332 2834 (1015
375 2805 377 2807 ·
507 2773 567 2827 In
606 2775 888 2828 occidente
913 2773 1214 2827 Lanbertus
1245 2773 1521 2827 Reinherii
1558 2773 1738 2827 filius6
1774 2791 1893 2826 cum
1932 2774 2044 2826 suis
2081 2773 2251 2826 victus

152 2840 338 2882 Sept.12).
366 2845 435 2899 ab
464 2846 616 2900 hoste
661 2845 988 2919 [Godefrido]
1022 2846 1311 2899 multorum
1349 2847 1598 2899 inimicus
1629 2845 1930 2899 occubuit7.
1998 2843 2119 2898 Non
2148 2844 2252 2898 fuit

365 2974 403 3011 a)
426 2977 569 3007 alterum
585 2984 608 3006 n
631 2976 716 3008 add.
738 2977 777 3007 T.
837 2975 875 3014 b)
899 2976 991 3007 deest
1008 2977 1037 3015 1,
1062 2975 1212 3007 audacia
1233 2975 1303 3006 viri
1325 2977 1361 3007 2.
1421 2974 1457 3016 c)
1479 2974 1595 3006 eidem
1619 2978 1680 3006 aut
1703 2975 1797 3006 idem
1822 2974 1978 3007 radendo
2000 2975 2086 3014 αἶρε.
2112 2982 2200 3006 corr.
2218 2975 2250 3005 1.

365 3018 401 3059 d)
424 3018 508 3065 letis
532 3019 692 3051 sedotem
715 3021 752 3058 13
776 3019 932 3051 laesisse
955 3018 1078 3050 sedem
1100 3020 1135 3051 2.
1223 3017 1260 3060 o)
1282 3021 1416 3059 augeat
1437 3019 1482 3051 B.

366 3121 409 3173 1)
441 3120 660 3175 Moyehid
681 3120 758 3163 ibn
787 3121 1019 3164 Abdallah
1041 3121 1081 3164 el
1103 3120 1255 3163 Amirz‘
1275 3133 1356 3163 rea·
1378 3120 1647 3164 Balearium
1672 3124 1713 3164 et
1734 3119 1967 3164 orientalis
1992 3118 2250 3174 Hispaniae

364 3178 510 3232 partis
531 3178 764 3229 (Deniae).
860 3179 907 3229 2)
937 3179 998 3221 In
1021 3191 1106 3221 ora
1129 3177 1374 3221 Sardiniae
1397 3190 1548 3220 mense
1570 3178 1721 3221 Iunio.
1820 3176 1865 3230 3)
1899 3175 1970 3220 Sc.
1993 3176 2151 3221 mariti
2190 3175 2248 3220 L.

364 3236 408 3287 4)
443 3235 657 3289 Moyehid
695 3249 940 3292 numquam
985 3248 1192 3279 reversus
1236 3239 1315 3288 est,
1360 3235 1440 3279 sed
1484 3250 1526 3278 a.
1571 3235 1682 3279 1044
1725 3235 1774 3277 in
1822 3233 2059 3289 Hispania
2098 3233 2247 3289 peria.

366 3290 567 3336 ‘Jahrb'
600 3292 627 3336 l.
653 3306 687 3336 c.
825 3293 870 3347 5)
916 3293 1183 3337 Reinhenaa
1221 3293 1271 3336 in
1309 3294 1413 3336 lacu
1449 3293 1739 3348 Brigantino.
1879 3290 1922 3344 6)
1969 3291 2249 3335 Lantbertus

368 3363 512 3394 comes
533 3350 847 3402 Lovoniensi3‚
862 3350 994 3407 filias
1018 3350 1290 3406 Reyinhavdi
1303 3351 1374 3394 ΙΙ.
1399 3350 1714 3405 (Lonyicollis)
1738 3349 1910 3393 comitis
1930 3348 2046 3404 payi
2065 3347 2246 3392 Henne-

362 3420 472 3461 9au,
495 3408 575 3463 qui
595 3407 718 3461 silius
737 3407 1012 3464 Reyinharii
1033 3409 1074 3451 I.
1098 3408 1288 3460 comitis,
1311 3420 1450 3462 nepos
1474 3406 1748 3462 Reyinharii
1768 3406 1900 3451 dacis
1924 3405 2248 3460 Locharinqiae

367 3463 647 3517 (911—915)
679 3463 843 3514 fuerat.
984 3466 1027 3516 7)
1073 3467 1133 3509 In
1158 3478 1320 3520 puyna
1352 3465 1479 3519 apud
1514 3465 1736 3509 Florinas
1765 3464 2064 3514 (Florennes)
2093 3468 2250 3507 contra

366 3520 666 3574 Godefrz'dum
689 3524 760 3566 ΙἸ.
827 3523 1159 3578 Lotham'nyiae
1191 3523 1425 3575 inferioris
1463 3522 1623 3565 ducem
1655 3519 1977 3574 <lom-1023)
2009 3519 2248 3564 com-missa

367 3578 477 3622 1015
509 3577 562 3632 (Ῥ)
595 3580 714 3635 Sept.
742 3582 813 3631 123
847 3579 1043 3624 Ualeria!
1076 3581 1178 3634 III,
1210 3581 1277 3624 26.
