2456 4036
49 1282 60 1294 .
74 1259 150 1292 128.

36 3112 50 3122 η.
67 3091 149 3132 128⁴,

603 199 941 245 THIETMARI
970 198 1188 244 CHRON.
1247 198 1362 243 LlB.
1391 199 1481 243 VII
1513 198 1627 253 (VI).
1973 203 2056 246 175

322 326 403 379 10.
464 325 525 378 V.
565 325 702 377 feria
748 343 842 393 ego
887 325 958 378 ad
1003 324 1316 393 Merseburg
1352 325 1588 390 venienS,
1634 324 1760 377 dum
1806 343 1891 377 me
1937 343 2054 378 cum
2088 337 2211 380 1012.

176 394 537 449 confratribus
574 397 706 448 meis
751 396 821 448 ad
866 397 1149 449 adventum
1196 397 1309 449 eius
1352 413 1717 464 prepararem,
1764 395 1944 448 audivi
1988 396 2056 449 ab
2078 412 2174 453 Aug.
2194 415 2230 445 τ,

175 466 541 529 internuntiiS,
588 466 732 534 quod
775 467 866 519 ille
910 467 979 519 ad
1017 466 1317 520 Ivicansten
1363 483 1470 519 non
1509 466 1641 518 bene
1678 465 1860 520 valens
1898 485 2056 519 curru

173 537 391 590 veniret.
453 537 703 588 Proxima
734 536 820 589 die
851 538 953 589 huc
983 538 1228 605 equitans
1259 537 1670 590 Bernwardum⁸
1699 537 2055 589 Hillinissem-
2079 554 2175 594 Aug.
2192 555 2231 587 8.

174 607 371 660 mensis
408 607 700 659 aecclesiae
737 607 1044 675 episcopum
1083 625 1248 660 causa
1293 607 1678 660 benedictionis
1725 613 1799 670 et,
1849 607 2053 679 [quam]

174 678 308 731 bene
353 677 579 741 sciebat,
636 679 929 730 curationis
975 680 1151 745 gratia
1195 683 1442 731 vocatum
1487 678 1686 731 ibidem
1742 679 1957 747 repperi
2004 686 2057 731 et

172 748 533 802 Frithericum
564 749 826 810 comitem,
861 749 1012 801 cuius
1050 749 1220 801 frater
1249 754 1366 802 erat
1398 749 1537 801 Dedi
1571 767 1761 806 comes,
1834 750 1904 801 Et
1933 767 2056 802 cum

172 820 467 882 introirem,
508 819 732 871 sedebat
769 819 1206 886 archiepiscopus
1251 821 1305 871 in
1344 820 1477 872 solio
1517 825 1571 872 et
1608 838 1691 872 me
1730 820 2058 889 suscipiebat

174 908 334 959 quam
354 889 657 955 caritative;
683 896 736 942 et
751 891 944 942 suimet
958 890 1120 958 pedes
1138 896 1266 942 tunc
1290 908 1323 943 a
1345 891 1589 943 tumoreb
1614 891 1769 943 solito
1786 892 2058 944 relaxatos

172 962 413 1014 intuetur
464 966 518 1013 et
571 960 736 1024 dolet,
799 961 948 1028 quia,
1005 961 1128 1012 dum
1176 961 1253 1013 hii
1295 961 1604 1028 turgebant,
1656 967 1839 1014 venter
1889 962 2058 1015 levius

172 1031 404 1085 habebat
444 1029 619 1102 [eius].
701 1032 1052 1084 Intimaverat
1087 1033 1133 1084 is
1170 1038 1297 1084 tunc
1334 1032 1488 1098 mihi,
1536 1032 1582 1084 si
1619 1031 1719 1084 hoc
1758 1033 2056 1101 periculum

173 1120 336 1157 sanus
374 1101 635 1170 evaderet,
676 1102 856 1154 nullus
893 1103 1185 1156 amicorum
1225 1103 1357 1155 mihi
1394 1102 1601 1155 fidelior
1632 1120 1746 1155 esse
1778 1105 2056 1170 potuisset.

171 1175 272 1227 Fui
314 1178 443 1226 tunc
486 1173 688 1226 ibidem
733 1191 903 1242 usque
958 1173 1028 1226 ad
1071 1191 1349 1240 vesperam
1401 1179 1455 1226 et
1501 1181 1615 1225 tum
1659 1174 1858 1226 invitus
1901 1175 2054 1239 redii,

173 1246 301 1314 quia
349 1244 583 1296 crastino
632 1249 750 1297 erat
791 1244 995 1312 vigi*lia
1041 1245 1241 1298 Christi
1289 1245 1503 1297 adletae
1552 1244 1853 1311 Laurentii,
1904 1246 2056 1298 cuius
2079 1261 2254 1301 Aug.1o.

173 1316 435 1369 festivitas
495 1314 764 1368 dominica
824 1316 1065 1368 instabat
1123 1315 1223 1370 die.
1332 1316 1450 1379 Qua
1509 1332 1627 1367 cum
1690 1332 1786 1384 ego
1845 1316 2058 1383 populis

171 1386 505 1440 venientibus
552 1404 727 1455 pauca
772 1387 1129 1455 predicarem,
1181 1387 1535 1439 communiter
1585 1386 1654 1438 ab
1702 1386 1785 1438 his
1833 1404 1930 1454 pro
1977 1387 2058 1438 in-

173 1457 327 1511 firmo
365 1456 760 1510 archiantistite
798 1459 1093 1510 orationem
1131 1457 1247 1510 fieri
1286 1458 1507 1526 supplex
1544 1457 1828 1526 postulavi.

319 1532 402 1583 11.
463 1528 560 1581 III.
594 1529 731 1581 feria
767 1534 892 1581 ante
922 1530 1165 1597 primam,
1196 1529 1287 1581 ubi
1317 1529 1407 1581 ille
1439 1529 1630 1592 fuerat,
1662 1527 1961 1593 veniebam3
2003 1533 2056 1581 et
2078 1545 2173 1586 Aug.
2193 1546 2226 1578 9.

171 1605 300 1653 tunc
350 1599 438 1652 hic
489 1605 608 1652 erat
659 1600 763 1652 Eid
815 1601 1116 1668 episcopus,
1171 1601 1399 1652 multum
1449 1617 1545 1668 pro
1598 1616 1660 1652 eo
1714 1600 1769 1651 in
1818 1601 2058 1652 oratione
2080 1616 2175 1655 Aug.
2195 1618 2255 1649 ιο-

174 1670 429 1723 continua
464 1670 735 1726 laborans,
810 1671 881 1723 Et
920 1689 1036 1723 cum
1078 1672 1416 1735 caminatam,
1457 1670 1551 1722 ubi
1588 1671 1677 1722 ille
1717 1671 1837 1737 pius
1874 1670 2056 1735 iacuit,

171 1744 446 1810 ingressus
471 1759 657 1806 essem,
694 1759 791 1794 nec
813 1742 1119 1811 loquentem
1143 1742 1323 1795 audivi
1345 1759 1443 1795 nec
1462 1742 1596 1794 bene
1621 1747 2058 1809 cognoscentem0

176 1811 361 1884 [hunc]
407 1812 530 1867 vidi.
616 1813 889 1865 Advenere
935 1814 1095 1866 etiam
1142 1830 1204 1866 eo
1250 1814 1456 1865 vivente
1502 1813 1759 1865 Arnulfus
1804 1817 1857 1865 et
1903 1812 2057 1865 Hilli-

171 1883 380 1937 wardus
431 1901 550 1936 cum
604 1884 921 1936 Meinwerco
974 1889 1028 1936 et
1078 1884 1236 1936 Erico
1289 1884 1613 1951 coepiscopi,
1676 1901 1858 1936 omnes
1917 1883 2059 1936 hunc

171 1955 375 2024 pariter
402 1954 777 2007 benedicentes
809 1961 862 2007 et
891 1955 1282 2022 indulgentiam
1316 1955 1365 2007 ei
1394 1955 1670 2007 facientes
1733 1954 1843 2021 Ego
1877 1959 2056 2007 autem

170 2030 424 2096 peccator
446 2026 610 2078 unxid
634 2043 754 2078 eum
779 2027 893 2078 oleo
918 2025 1252 2078 sanctificato
1272 2026 1327 2077 in
1343 2026 1474 2078 locis
1491 2026 1720 2078 maxime
1738 2024 2056 2080 dolentibus

172 2098 434 2150 Iarmirus
472 2114 683 2166 quoque
721 2096 830 2148 dux
868 2096 1101 2168 [adfuit],
1141 2114 1297 2165 quem
1330 2097 1501 2149 frater
1531 2097 1724 2149 suimet
1755 2095 2059 2150 Othelricus

174 2173 227 2222 et
264 2169 476 2221 satelles
512 2170 688 2220 tocius
726 2167 893 2221 debiti
930 2169 1191 2221 inmemor
1229 2169 1284 2219 in
1315 2185 1468 2220 sacro
1500 2167 1725 2220 sabbato
1757 2165 2061 2220 dominicae

173 2239 589 2292 resurreccionis
646 2238 999 2310 [proximaej1
1044 2257 1077 2291 a
1129 2255 1296 2307 regno
1350 2239 1690 2291 Boemiorum
1742 2239 1947 2305 expulit
2005 2244 2063 2292 et

173 2311 513 2375 Bolizlavum,
559 2328 717 2379 quem
755 2311 858 2363 etsi
901 2310 1133 2363 amicum
1179 2310 1281 2363 sibi
1320 2310 1780 2378 consanguinitate
1795 2307 1834 2378 2,
1878 2315 2058 2363 tamen

171 2399 268 2451 pro
319 2382 505 2435 hoste0
554 2382 814 2435 hactenus
874 2381 1063 2434 habuit
1123 2382 1178 2433 in
1234 2381 1630 2448 persecutione,
1689 2380 1821 2447 fuga
1877 2386 2061 2449 petere

173 2454 360 2521 coegit.
434 2453 536 2505 Hic
574 2453 702 2521 quia
739 2452 1199 2520 archiepiscopum
1237 2453 1442 2505 cunctis
1483 2451 1854 2504 laborantibus
1897 2453 2063 2505 nimis

141 2524 385 2577 -fidelem
434 2541 550 2576 esse
595 2523 850 2588 *sciebat,
899 2541 1117 2591 sperans
1156 2525 1270 2576 eius
1307 2524 1730 2576 incolumitatem
1784 2522 1854 2574 ad
1892 2524 2058 2591 impe·

172 2596 421 2648 trandam
465 2595 607 2662 regis
651 2596 883 2663 gratiam
927 2596 1364 2648 intercessionem
1421 2593 1579 2665 [eius]
1635 2593 1949 2660 quaerebat3
2005 2599 2065 2646 et

173 2684 292 2720 cum
332 2667 474 2719 hunc
511 2667 617 2718 iam
656 2666 914 2719 defecisse
945 2666 1164 2731 videret,
1204 2666 1483 2719 dexteraef
1512 2666 1628 2718 eius
1691 2663 1764 2736 se]
1797 2665 2062 2718 committi

174 2744 227 2791 et
247 2755 343 2805 per
359 2755 478 2790 eam
498 2736 667 2802 nobis,
693 2737 930 2791 lacrimis
953 2738 1196 2805 postulat
1217 2737 1467 2806 profusis
1533 2736 1638 2790 Sed
1686 2734 2055 2806 archipresul],

174 2826 293 2862 cum
337 2809 446 2861 iam
490 2807 611 2860 finis
657 2808 890 2872 adesset,
938 2810 1116 2861 nescio
1155 2809 1283 2877 quid
1321 2808 1505 2861 videns
1544 2807 1612 2860 ad
1656 2808 1851 2871 levam,
1903 2807 2061 2875 signo<

174 2886 393 2933 sanctae
431 2880 605 2932 crucis
643 2884 893 2946 potenter
931 2879 1153 2933 dextera
1195 2897 1251 2933 se
1288 2880 1462 2932 munit
1500 2884 1554 2932 et
1589 2896 1805 2932 aversus
1837 2895 2061 2946 corpore

173 2957 227 3004 et
261 2951 414 3003 vultu
464 2952 736 3004 contraxit
781 2951 974 3004 faciem
1021 2952 1178 3019 quasi
1227 2951 1537 3020 ploraturus
1588 2955 1640 3002 et
1683 2966 1808 3001 mox
1850 2948 2065 3001 remisit.

170 3022 362 3075 laetuS.

317 3094 398 3146 12.
467 3092 613 3145 *Hoc
660 3110 754 3161 ego
798 3093 984 3146 videns
1043 3092 1110 3145 ob
1167 3093 1453 3145 tristiciam
1506 3108 1751 3159 egressus
1805 3107 1946 3154 sum,
2008 3094 2067 3143 et

173 3165 386 3217 interim
426 3169 699 3232 presentes
749 3164 975 3218 eundem
1010 3164 1248 3217 videntes
1293 3165 1402 3217 iam
1446 3163 1810 3216 semianimem
1853 3179 1885 3214 a
1921 3160 2066 3213 lecto-

173 3235 417 3304 protinus
477 3235 816 3288 elevaverunt
874 3253 939 3288 ac
996 3240 1179 3304 tapeto
1241 3238 1708 3303 superposuerunt.
1806 3231 2065 3285 Accensis.

173 3346 210 3389 a)
233 3357 257 3379 n
279 3355 414 3380 erasum
436 3350 469 3381 1.
571 3347 610 3386 b)
634 3351 811 3381 attumore
834 3351 879 3381 B.
982 3348 1016 3390 e)
1040 3351 1295 3388 cognocentem
1320 3349 1356 3379 1.
1459 3346 1496 3388 d)
1518 3347 1616 3379 hunc
1639 3348 1673 3379 si
1694 3347 1741 3379 Β.
1843 3344 1879 3386 e)
1902 3347 1981 3378 oste
2003 3354 2061 3377 ac·

172 3392 280 3423 tenus
303 3392 347 3431 B,
375 3391 399 3423 h
420 3392 591 3431 utrimque
614 3391 700 3424 add.
720 3393 760 3424 T.
848 3391 878 3433 f)
901 3391 1024 3439 dextr}³
1047 3393 1090 3433 B,
1116 3400 1135 3424 e
1158 3390 1242 3423 add.
1268 3391 1306 3422 T.

175 3474 218 3529 1)
249 3476 386 3521 Anno
415 3477 556 3533 ἐρέτην
586 3479 711 3522 1012.
822 3478 866 3531 2)
898 3478 1132 3522 Boleslavi
1160 3482 1303 3521 mater
1324 3477 1560 3520 Dobrawa
1591 3487 1719 3519 soror
1730 3474 1892 3530 fuerat
1923 3475 2060 3519 Bole-

173 3533 292 3577 slavi
310 3535 373 3577 II
372 3567 382 3578 .
413 3534 659 3578 Bohemiae
690 3535 835 3588 ducis,
867 3536 999 3579 cuius
1028 3533 1154 3588 filius
1184 3534 1439 3577 Iaremirus
1459 3532 1569 3587 fuit.
