2456 4036
747 228 1082 274 THIETMARI
1112 227 1327 274 CHRON.
1385 227 1499 271 LIB.
1529 226 1607 271 VI.
2019 225 2101 270 149

237 374 354 409 rum
391 356 648 408 mandata
685 357 1069 424 scripturarum
1106 355 1491 408 auscultandoa
1535 352 1786 419 adimple:
1835 357 1887 403 et
1931 350 2103 415 fidem,
2137 366 2260 410 1005,

238 445 398 495 quam
438 423 759 480 Athanasius
796 425 1144 494 profitebatur
1180 427 1482 497 episcopuS,
1529 425 1734 477 discens
1779 422 2106 474 memoriter—

238 515 340 566 que
378 499 625 561 retinenS,
665 497 812 562 haec,
860 515 994 564 quae
1032 514 1195 564 supra
1231 497 1532 560 memoravi,
1582 495 1658 548 nil
1695 511 1808 546 esse
1852 492 2106 561 probabis

241 569 554 621 veraciter*.

45 655 122 698 *μ
138 657 212 689 813.
381 638 491 693 *25
525 637 655 707 (19.)
715 637 845 689 [nde
877 655 996 688 mox
1027 638 1303 705 inparibus
1335 637 1559 690 ducibus
1594 634 1868 704 inequales
1897 639 2106 686 turmae

237 727 406 777 usque
465 709 532 760 ad
586 707 815 760 Oderam
887 706 1102 760 fluvium
1162 710 1524 775 pervenientes
1588 707 1817 760 fixerunt
1874 706 2107 757 tentoria

237 781 388 832 iuxta
432 796 655 844 amnem,
703 780 795 846 qui
833 778 1003 831 Pober
1043 779 1238 831 dicitur
1276 779 1582 832 Sclavonice
1600 779 1631 843 1,
1673 778 1865 830 Castor
1903 777 2105 828 Latine.

239 853 379 916 Quos
438 850 736 903 Bolizlavus
802 849 1019 901 munitis
1086 850 1354 902 littoribus
1420 849 1615 918 prefati
1679 848 1914 901 fluminis
1989 865 2107 899 cum

237 922 473 974 exercitu
520 921 710 988 grandi
755 921 809 972 in
849 919 1085 973 Crosno2
1123 921 1310 973 sedens
1363 921 1472 972 ullo
1517 921 1675 973 modo
1721 920 1951 973 transire
1988 935 2108 986 pro-

235 992 425 1046 hibuit.
514 991 618 1044 Sed
656 1009 776 1044 cum
813 1009 907 1043 rex
947 991 1043 1042 VII
1081 992 1192 1044 dies
1229 991 1423 1044 ibidem
1471 997 1708 1043 moratus
1747 1007 1905 1042 naves
1948 997 2108 1057 atque

234 1069 422 1132 pontes
459 1068 690 1130 pararet,
730 1062 936 1114 divinus
973 1068 1243 1131 respectus
1282 1063 1459 1114 missis
1499 1061 1918 1130 speculatoribus
1958 1058 2107 1132 [suis]

234 1134 428 1187 vadum
474 1133 706 1186 ostendit
750 1134 1025 1201 optimum.
1117 1135 1283 1197 Quem
1328 1151 1421 1185 sex
1464 1134 1697 1201 legiones
1742 1134 1797 1184 in
1842 1134 1955 1200 ipso
2002 1131 2109 1183 diei

237 1205 578 1273 crepusculob
631 1205 777 1257 iussu
838 1205 977 1272 regis
1036 1205 1298 1257 intrantes
1364 1205 1653 1256 incolumes
1716 1220 1778 1256 eo
1839 1203 2106 1256 fruuntur.

20 1292 118 1337 *sot
136 1295 210 1328 110.
236 1276 386 1340 Quod
425 1277 631 1346 eminus
670 1282 1014 1343 agnoscentes
1055 1276 1308 1328 Bolizlavi
1346 1275 1591 1328 custodes
1637 1275 1818 1327 *triste
1856 1275 2108 1325 nuncium

234 1365 298 1401 ac
342 1346 651 1400 incredibile
696 1347 893 1400 seniori
938 1348 1129 1399 suimet
1172 1347 1415 1399 celeriter
1459 1347 1778 1399 detulerunt.
1854 1345 1955 1397 Hic
1993 1351 2108 1396 tan-

236 1420 354 1471 dem
405 1437 501 1487 per
550 1424 659 1471 tres
718 1419 799 1470 vel
851 1418 1077 1486 amplius
1138 1419 1342 1486 legatos
1403 1425 1578 1470 certus
1630 1416 1847 1470 effectus
1914 1417 2107 1468 amotis

233 1507 454 1559 propere
486 1491 676 1542 castris
714 1491 826 1558 ipse
859 1508 979 1541 cum
1010 1490 1135 1553 suiS,
1186 1489 1424 1556 pluribus
1460 1489 1659 1541 ibidem
1699 1488 1900 1540 relictis
1931 1487 2105 1549 rebuS‚

234 1563 385 1629 fugit.
474 1561 534 1613 Id
579 1578 673 1613 rex
719 1578 836 1613 cum
883 1562 992 1613 suis
1046 1569 1200 1613 caute
1256 1561 1598 1613 considerans
1658 1559 1869 1612 Christo
1920 1558 2107 1610 laudes

235 1650 354 1685 cum
394 1633 532 1684 clero
583 1639 635 1684 et
672 1633 814 1684 omni
851 1632 1044 1700 populo
1091 1632 1204 1684 alta
1242 1649 1365 1684 voce
1406 1633 1597 1684 cecinit
1648 1637 1700 1683 et
1744 1648 1863 1682 cum
1911 1629 2110 1682 securi-

234 1709 345 1756 tate
382 1703 577 1756 flumen
607 1705 932 1772 pertransiit.
993 1703 1083 1754 Hii
1114 1707 1310 1768 autem,
1343 1705 1434 1770 qui
1467 1706 1851 1770 precesserunt,
1892 1702 1946 1752 ni
1986 1700 2110 1751 Liu-

233 1776 392 1828 ticios
425 1775 517 1827 diu
547 1775 822 1827 tardantes
854 1781 1238 1841 exspectarent,
1270 1775 1443 1827 hostes
1474 1777 1528 1826 in
1552 1774 1793 1826 tentoriis
1818 1772 2111 1840 inprovisos

233 1847 607 1914 opprimerent.
687 1847 828 1911 Quos
859 1846 1031 1897 nostri
1062 1846 1342 1898 alacriterc
1376 1845 1658 1913 insequuti,
1700 1844 1863 1895 veluti
1895 1843 2111 1910 fugaces

235 1935 416 1971 cervos
454 1918 702 1985 persequi
739 1935 858 1970 cum
897 1934 1002 1968 non
1039 1917 1289 1982 valerent,
1329 1916 1398 1969 ad
1437 1916 1709 1969 consocios
1755 1918 2108 1967 revertuntur.

379 1990 462 2042 27.
503 1989 635 2056 (20.)
704 1989 981 2041 Profectus
1021 1995 1104 2040 est
1140 1987 1264 2040 inde
1301 2006 1394 2040 rex
1432 1994 1486 2039 et
1517 2004 1683 2054 usque
1717 1985 1785 2037 ad
1819 1985 2110 2049 abbaciam,

235 2078 372 2128 quae
411 2060 658 2112 Mezerici
703 2058 951 2123 dicitur3,
1007 2060 1320 2127 perveniens
1367 2059 1651 2110 annualem
1691 2057 1766 2109 ibi
1804 2056 2109 2108 Thebaidae
2134 2073 2232 2113 sept.
2247 2074 2301 2105 22.

233 2131 454 2199 legionis
499 2131 867 2195 festivitatem,
922 2148 1028 2198 qua
1072 2130 1308 2183 maxima
1351 2135 1478 2182 tunc
1524 2130 1870 2181 veneracione
1922 2129 2111 2196 potuit,

234 2202 497 2269 complere
557 2199 800 2274 [studuit]
869 2206 935 2266 et,
989 2219 1054 2254 ne
1113 2203 1493 2254 monasterium
1547 2202 1644 2253 hoc
1696 2218 1758 2252 ac
1812 2199 2109 2252 absentium

234 2275 538 2326 mansiones
577 2272 953 2326 monachorum
993 2273 1228 2340 aliquam
1267 2291 1298 2325 a
1337 2273 1448 2325 suis
1487 2277 1763 2340 pateretur
1796 2270 2109 2335 molestiam,

235 2345 443 2398 studuit
487 2344 786 2412 prohibere.
871 2345 1072 2397 Dehinc
1116 2344 1317 2396 hostem
1365 2345 1420 2396 in
1466 2343 1612 2395 nulla
1660 2343 1854 2395 suimet
1898 2342 2111 2394 urbium

233 2422 546 2484 pernoctare
612 2422 1006 2484 presumentem
1080 2417 1322 2483 proxima
1389 2433 1594 2484 queque
1661 2413 1918 2466 vastando
1990 2431 2111 2480 pro-

235 2488 475 2556 sequitur
512 2493 565 2540 et
601 2505 706 2539 non
744 2487 954 2554 longius
993 2505 1150 2556 quam
1190 2487 1294 2539 duo
1332 2488 1567 2539 miliaria
1605 2484 1672 2538 ab
1711 2485 1842 2537 urbe
1880 2485 2110 2536 Posnani

232 2564 448 2626 rogatus
501 2577 533 2610 a
589 2559 698 2611 suis
750 2558 1066 2626 primatibus
1121 2557 1375 2611 consedit.
1465 2557 1777 2609 Excercitus
1830 2561 2010 2608 autem
2056 2557 2110 2607 in

235 2630 546 2698 colligendis
617 2630 860 2697 frugibus
921 2631 1252 2698 caeterisque
1318 2630 1477 2682 rebus
1537 2628 1851 2681 necessariis
1911 2627 2110 2679 divisus

231 2702 513 2770 magnumd
537 2700 604 2754 ab
628 2701 1006 2754 insidiantibus
1031 2702 1259 2754 inimicis
1284 2701 1542 2753 sustinuit
1566 2700 1834 2752 damnum.
1890 2699 2110 2751 Interim

231 2790 327 2842 per
377 2772 510 2825 fidos
562 2774 936 2825 intercessores
998 2774 1139 2841 regis
1197 2773 1422 2840 gratiam
1477 2772 1774 2823 Bolizlavus
1834 2770 1994 2836 peciit
2060 2775 2111 2822 et

234 2844 477 2896 exaudiri
517 2842 675 2916 [mox]
712 2845 1025 2912 promeruit.
1110 2844 1311 2912 Tagino
1350 2842 1783 2911 archiepiscopus
1830 2859 1948 2893 cum
1991 2840 2110 2893 aliis

232 2915 589 2968 familiaribus
635 2917 772 2983 regis
818 2916 886 2968 ad
933 2917 1201 2968 civitatem
1239 2915 1533 2983 predictam
1579 2932 1611 2966 a
1651 2913 1919 2966 Bolizlavo
1958 2929 2110 2979 roga—

25 2995 208 3047 101110‘·
232 2994 321 3039 tus
366 2988 508 3039 venit
560 2992 612 3040 et
657 2986 801 3039 *cum
849 2987 1161 3039 iuramentis
1218 3005 1280 3039 ac
1326 2986 1792 3038 emendacionibus
1838 2982 2111 3050 condignis

326 3130 371 3184 ἧς)
404 3131 583 3186 Repetit
623 3130 716 3174 cod.
753 3130 778 3172 2
819 3143 934 3185 quae
975 3131 1069 3174 iam
1111 3131 1317 3174 dioeerat:
1380 3129 1440 3172 Hi
1487 3142 1619 3183 supra
1655 3126 1891 3171 memorati
1929 3126 2111 3178 milites,

405 3186 624 3287 quondan&
655 3187 769 3230 servi
799 3201 842 3229 n.
876 3200 917 3243 q.
948 3187 978 3230 i.
1010 3189 1043 3230 t.
1074 3187 1118 3238 1.‚
1149 3189 1183 3230 t.
1217 3200 1251 3231 c.
1278 3201 1314 3230 a.
1339 3200 1374 3230 r.
1407 3185 1619 3230 auxilium
1651 3183 1820 3228 ferendi
1853 3197 1983 3226 causa
2012 3196 2110 3238 per-

403 3257 600 3288 venerun
627 3279 635 3286 .

232 3365 268 3404 a)
312 3364 440 3404 scripti
468 3365 539 3396 rari
571 3364 804 3395 auscultante
834 3364 886 3404 B,
923 3373 1008 3395 corr.
1035 3365 1076 3395 T.-
1175 3363 1215 3403 b)
1254 3372 1296 3394 us
1327 3362 1413 3394 add.
1442 3363 1480 3394 T.
1593 3361 1625 3403 c)
1663 3362 1850 3393 alacliater
1872 3362 1921 3401 B,
1954 3370 2041 3392 corr.
2070 3362 2109 3393 T.

233 3407 270 3448 d)
292 3415 460 3447 magnam
484 3408 527 3448 B,
553 3415 641 3438 corr.
666 3406 702 3439 Τ.

234 3514 276 3566 1)
309 3513 428 3558 Bobr
444 3515 536 3569 pol.
560 3519 603 3557 et
624 3513 721 3556 boh.
748 3529 804 3547 =
828 3518 987 3557 castor.
1091 3513 1134 3567 2)
1169 3513 1370 3557 Crossen.
1473 3511 1518 3566 3)
1551 3512 1766 3555 Meseritz
1789 3512 1919 3555 iuoeta
1945 3510 2113 3555 Obram

231 3572 423 3625 fluvium
452 3572 501 3615 in
530 3571 763 3626 provincia
793 3570 956 3614 Posen.
1016 3573 1071 3614 L.
