2456 4036
741 251 1078 296 THIETMARI
1107 251 1322 298 CHRON.
1382 253 1496 298 LIB.
1527 254 1580 300 V.
2001 258 2085 300 -121

224 377 480 440 curiosus,
519 393 698 457 omnes
736 378 983 430 introitus
1014 379 1428 448 Longobardiae,
1469 380 1558 448 qui
1584 379 1651 432 ab
1682 379 1877 432 accolis
1909 380 2087 433 clusae
2120 392 2242 437 1002.

221 451 491 508 vocantur,
528 447 772 514 v1g1lanti
809 448 1053 501 custodia
1089 450 1351 503 firmabat.
1427 452 1643 516 Qui,-ut
1679 451 1922 518 superius
1962 451 2087 506 dixi.

224 518 504 571 eleccionis
551 534 678 570 suae
729 519 1097 572 consiliatores
1146 529 1200 573 et
1248 522 1509 584 fautoreS,
1559 528 1620 574 ut
1667 521 1812 589 digni
1858 511 2087 579 fuerant.

221 594 458 642 tractare
503 603 607 640 non
645 589 948 642 desistebat.
1033 591 1176 643 Inter
1212 611 1343 661 quos
1380 593 1706 645 Brixiensem
1749 594 2086 662 episcopum¹

224 660 428 728 aliqua,
476 675 614 727 quae
659 658 760 711 sibi
805 659 1178 728 displicebant,
1227 664 1524 731 loquentem
1572 663 1781 731 capillis
1826 664 2089 730 arripiens

225 736 279 784 et
329 730 599 783 solotenus
659 735 748 783 uta
808 730 1098 784 bubulcum
1158 732 1390 786 deiciens
1457 735 1660 787 cunctis
1719 734 2087 788 ineffrenatam

224 801 586 856 manifestavit
644 802 794 854 iram.
892 802 995 856 Sed
1048 803 1175 871 quid
1227 821 1344 856 eum
1398 804 1617 872 singulis
1668 805 1810 858 vitiis
1870 805 2089 858 circum-

223 872 456 927 scribere
494 888 669 936 conor,
710 890 829 924 cum
867 873 923 925 iu
954 891 1119 941 regno
1151 879 1203 926 et
1232 876 1427 943 populo
1458 881 1729 944 appareat,
1768 893 1903 944 quae
1932 876 2091 930 turba

222 943 522 1012 iniquitatis
561 942 630 994 ad
667 942 798 996 haec
835 944 1194 1013 perpetranda
1229 963 1346 998 eum
1378 947 1698 998 armaverit?
1771 946 1923 1000 Unde
1961 964 2090 999 non-

223 1014 397 1068 nullos
441 1014 676 1083 prioresb
722 1014 826 1067 sibi
872 1014 1211 1083 suppositos2
1254 1017 1521 1068 commissi
1565 1018 1850 1085 poenituit,
1900 1023 1952 1070 et
1994 1035 2090 1086 per

223 1085 585 1140 internuncios
616 1089 670 1137 et
699 1101 798 1152 per
819 1086 1027 1139 litteras
1052 1086 1363 1139 Heinricum
1393 1104 1569 1155 regem
1601 1087 1670 1140 ad
1699 1088 2089 1141 defendendum

224 1175 280 1211 se
302 1157 482 1210 venire
512 1155 780 1223 rogabant
810 1162 919 1221 aut,
953 1174 1015 1209 eo
1049 1159 1103 1209 in
1133 1157 1257 1210 aliis
1281 1159 1508 1225 negotiis
1533 1165 1803 1226 occupat0‚
1827 1161 2090 1228 principes

221 1245 347 1281 suos
396 1228 652 1281 mitterec.
755 1227 957 1281 Horum
1012 1229 1320 1282 necessitati
1372 1229 1441 1281 acl
1494 1230 1907 1282 succurrendum
1961 1230 2086 1283 Otto

223 1298 607 1354 Carentorum‘1
666 1298 775 1350 dux
834 1304 889 1352 et
941 1299 1322 1352 Veronensium
1388 1299 1599 1353 comes3
1650 1318 1766 1352 cum
1821 1301 2090 1353 Heriberti

220 1369 468 1425 comitis4
518 1368 631 1421 filio
677 1369 871 1422 Ottone
917 1375 971 1422 et
1014 1371 1246 1423 Ernasto
1292 1371 1571 1440 Liupoldie
1614 1371 1935 1424 marchionis
1979 1371 2089 1424 filio

220 1459 339 1496 cum
385 1441 506 1495 aliis
549 1441 735 1509 paucis
780 1440 846 1494 ob
885 1458 1032 1510 spem
1069 1442 1287 1494 maioris
1324 1443 1512 1494 auxilii
1551 1441 1618 1494 ab
1657 1442 1806 1495 Italis
1842 1443 2091 1511 promissi

218 1532 252 1568 a
287 1530 414 1580 rege
453 1511 718 1579 dirigitur.

363 1585 447 1639 25.
530 1582 661 1645 Quis
712 1588 889 1636 autem
942 1582 1032 1635 ille
1083 1582 1191 1635 dux
1243 1583 1368 1636 Otto
1426 1583 1611 1647 fuerit,
1672 1584 1798 1652 quia
1850 1584 2090 1653 superius

221 1655 435 1718 reticui,
490 1654 723 1707 breviter
765 1654 1040 1707 intimabo,
1129 1655 1231 1707 Hic
1274 1654 1437 1722 igitur
1481 1674 1512 1707 a
1557 1654 1803 1708 Conrado
1856 1655 1987 1707 duce
2040 1659 2092 1707 et

222 1726 544 1796 Liudgarda,
583 1725 695 1777 filia
727 1725 937 1778 Ottonis
981 1726 1210 1790 maximi,
1248 1731 1558 1794 procreatus
1597 1743 1803 1778 morum
1835 1727 2092 1793 gravitate

223 1803 546 1866 actuumque
581 1796 848 1866 probitate
886 1797 1218 1865 parentelam
1256 1814 1407 1849 suam
1447 1796 1738 1849 decorabat
1755 1797 1791 1849 5.
1867 1797 1937 1848 Et
1974 1813 2092 1848 cum

222 1875 343 1940 post
371 1874 593 1922 mortem
626 1868 824 1920 cesaris
855 1868 972 1920 iure
1005 1868 1475 1936 consanguinitatis
1508 1874 1561 1920 et
1590 1868 1783 1920 aetatis
1813 1868 2092 1919 virtutum-

223 1959 325 2010 que
370 1940 684 1993 maturitate
730 1938 796 1991 ab
836 1938 1087 1991 Heinrico
1131 1944 1259 1991 tunc
1305 1938 1437 1991 duce
1480 1939 1535 1990 in
1581 1956 1757 2007 regem
1795 1938 2092 2006 eligeretur,

221 2018 428 2067 tantum
479 2011 579 2063 hoc
632 2027 764 2063 onus
816 2010 1092 2063 humiliter
1138 2027 1397 2073 excusans
1450 2009 1667 2062 eundem
1723 2009 1951 2077 *primus
2002 2027 2095 2078 per

222 2083 587 2138 internuncios
632 2099 696 2135 ac
740 2099 836 2150 per
881 2099 936 2134 se
982 2082 1154 2150 ipsum
1201 2081 1356 2150 quasi
1401 2081 1468 2133 ad
1514 2080 1644 2133 haec
1688 2080 1949 2149 aptiorem
1994 2079 2095 2132 sibi

221 2155 500 2225 preposuit
534 2153 866 2221 fideliterque
905 2170 1113 2221 semper
1150 2152 1369 2207 adiuvit.
1456 2151 1611 2204 Hunc
1660 2169 1724 2203 ex
1767 2156 1918 2220 parte
1956 2151 2095 2217 regis

222 2228 517 2280 venientem
585 2224 1146 2293 archiepiscopumque
1198 2224 1480 2276 Ravennae
1536 2221 1924 2276 Frithericum⁶
1975 2239 2096 2274 cum

225 2297 531 2351 marchione
567 2295 881 2348 Thiedolfo7
928 2297 1226 2363 ceterisque
1270 2295 1410 2362 regis
1454 2293 1701 2346 fidelibus
1747 2295 1795 2346 ei
1840 2293 1907 2345 ad
1946 2293 2095 2345 auxi-

223 2370 352 2422 lium
379 2372 746 2422 occurrentem
777 2366 1094 2434 Hardwigus
1117 2367 1172 2419 in
1199 2366 1374 2418 medio
1400 2366 1602 2434 positus
1634 2366 1906 2434 linceisque
1937 2364 2095 2416 oculis
2118 2366 2204 2439 11⁰2·
2223 2365 2297 2440 ⁸92²,ss
2316 2366 2348 2402 ¹2

225 2441 402 2494 omnia
440 2439 796 2509 perlustransf
838 2455 958 2490 cum
997 2438 1338 2504 comperiret,
1385 2437 1452 2489 ad
1499 2434 1959 2504 interrumpendos
2004 2451 2094 2487 eos
2202 2430 2211 2448 '
2278 2431 2285 2438 ’

225 2511 493 2565 Veronam
543 2528 662 2562 cum
710 2526 906 2576 magna
962 2508 1301 2561 multitudine
1345 2508 1487 2560 venit
1539 2507 1817 2575 clusasque
1870 2506 1938 2559 ab
1989 2507 2095 2574 epi-

226 2599 386 2652 scopo
418 2582 649 2635 eiusdem
684 2578 950 2634 civitatisss
979 2580 1082 2632 huc
1112 2597 1279 2648 usque
1308 2580 1541 2632 munitas
1569 2578 1916 2647 expugnando
1940 2578 2093 2643 cepit.

224 2683 259 2724 a)
282 2684 331 2715 ita
361 2682 405 2714 A.
429 2683 486 2723 S.;
521 2681 566 2713 ad
588 2683 622 2712 2.
697 2679 736 2722 b)
758 2683 844 2712 tunc
872 2679 958 2713 add.
982 2679 1024 2711 A.
1051 2680 1090 2712 S.
1165 2679 1200 2720 c)
1224 2680 1274 2711 ita
1302 2680 1346 2712 A.
1371 2680 1427 2719 S.;
1450 2679 1609 2710 mitteret
1632 2679 1665 2711 2.
1733 2677 1769 2717 d)
1793 2680 2036 2709 carrentorum
2058 2677 2092 2707 2.

226 2726 262 2767 e)
285 2728 432 2758 arnosto
453 2724 631 2765 liuppoldi
652 2725 684 2758 2.
770 2723 802 2766 f)
824 2724 1042 2755 collustrans
1067 2723 1111 2754 A.
1131 2723 1167 2755 S.

229 2798 270 2851 1)
303 2798 410 2842 Non
433 2795 732 2850 Godefridum
757 2795 993 2839 Thiedoldi
1012 2794 1287 2839 marchionis
1308 2794 1496 2847 fratrem
1521 2792 1737 2842 (‘Jahrb.'
1762 2793 1805 2844 I,
1828 2790 1943 2843 239),
1966 2803 2093 2845 quem

227 2870 271 2900 a.
293 2855 377 2899 976
407 2856 590 2898 Lunam
627 2853 867 2896 transiisse
903 2857 943 2895 et
981 2865 1016 2895 c.
1048 2852 1132 2895 998
1167 2856 1391 2895 mortuum
1429 2863 1523 2893 esse
1560 2849 1700 2893 Gams
1736 2848 1903 2899 (Series
1940 2847 2094 2902 episc.)

228 2912 351 2967 dicit,
381 2912 461 2956 sed
490 2911 837 2962 Adalberonem·,
870 2910 950 2965 qui
976 2909 1231 2953 976—1007
1260 2907 1437 2951 videtur
1466 2907 1647 2951 sedisse.
1785 2907 1827 2957 2)
1866 2906 1904 2949 Ι.
1937 2916 1971 2947 e.
1998 2905 2093 2959 pri·

227 2973 368 3013 mates
407 2968 496 3012 sibi
533 2967 745 3012 subditos.
815 2967 870 3010 L.
997 2965 1040 3017 3)
1082 2966 1290 3009 Primum
1329 2964 1429 3008 Otto
1468 2979 1508 3007 a.
1540 2965 1623 3007 978
1661 2962 1875 3005 Heinrieo
1915 2961 2095 3004 Minore

228 3026 436 3070 Bertoldi
463 3024 592 3069 ducis
621 3023 856 3067 Bavariae
887 3022 931 3075 (†
953 3021 1054 3074 947)
1093 3023 1184 3074 filio
1223 3022 1418 3076 deposito
1457 3022 1669 3064 ducatum
1701 3019 1959 3063 Carinthiae
1995 3030 2095 3061 eum

228 3083 434 3141 marchia
468 3080 710 3126 Veronensi
745 3085 992 3134 acceperat.
1057 3078 1237 3123 Deinde
1275 3094 1315 3122 a.
1348 3079 1432 3122 983
1470 3077 1713 3120 Heinrieus
1748 3076 1980 3118 restitutus
2018 3079 2092 3124 est,

229 3153 315 3194 quo
356 3144 530 3182 mortuo
575 3153 616 3182 a.
652 3136 736 3180 989
777 3137 1027 3180 Heinrieus
1064 3138 1133 3180 II.
1175 3135 1410 3179 Bavariae
1456 3135 1551 3177 dux
1596 3132 1875 3177 Carinthiam
1918 3131 2094 3185 recepit.

230 3197 343 3240 Post
372 3201 552 3239 mortem
582 3196 704 3238 iilius
735 3208 777 3237 a.
801 3193 885 3238 995
913 3193 1010 3238 Otto
1040 3195 1200 3236 iterum
1231 3193 1323 3235 dux
1342 3194 1504 3244 faetus
1537 3195 1599 3234 est
1630 3187 1675 3242 (†
1699 3190 1838 3239 1004).
1936 3187 1979 3239 4)
2021 3188 2092 3231 De

229 3265 316 3308 quo
346 3265 386 3295 v.
415 3253 503 3306 IV,
536 3253 602 3296 60.
719 3250 763 3302 5)
796 3251 965 3294 Similis
991 3249 1086 3302 fere
1116 3250 1277 3293 locutio
1308 3248 1469 3302 leyitur
1498 3260 1640 3300 supra
1669 3246 1758 3295 IV,
1790 3247 1844 3289 26
1875 3245 1978 3297 (39).
2036 3245 2092 3288 L.

231 3309 274 3362 6)
308 3309 399 3360 Qui
411 3314 517 3363 post
539 3310 730 3351 Leonem
753 3308 823 3350 ΙΙ.
854 3308 912 3355 (v.
941 3307 1080 3360 VIII,
1105 3308 1152 3356 2)
1181 3306 1295 3349 sedit
1319 3305 1622 3353 1001—1004,·
1654 3303 1711 3346 ον’.
1735 3303 1816 3355 VI,
1841 3303 1867 3345 6
1890 3307 1930 3345 et
1953 3302 2094 3345 Gams

230 3367 258 3410 l.
285 3378 319 3409 c.
435 3364 479 3417 7)
523 3365 764 3408 Thiedoldo
805 3364 889 3413 (ita
930 3364 1094 3418 leyitu'r
1146 3363 1224 3415 VI,
1265 3364 1311 3414 6)
1351 3362 1441 3404 sive
1482 3360 1710 3403 Thedaldo
1750 3359 2003 3402 marchione
2041 3358 2095 3401 de

231 3422 450 3475 Canossa,
488 3421 581 3474 fiilio
612 3421 851 3465 Adalberti
877 3420 969 3463 sive
999 3420 1197 3463 Aesonis
1234 3420 1373 3469 illius,
1412 3418 1491 3474 qui
1518 3431 1560 3460 a.
1591 3418 1672 3461 951
1704 3415 2000 3459 Adelheidam
2027 3427 2094 3457 re-

229 3481 384 3534 yinam
413 3479 461 3521 in
486 3478 770 3533 praesidium
799 3491 933 3520 suum
962 3481 1203 3531 receperat,
1245 3481 1284 3519 et
1314 3488 1396 3518 avo
1429 3474 1712 3518 Mahthildae
1743 3472 2095 3515 marchionissae

230 3537 354 3580 illius
393 3535 720 3587 celeberrimae;
768 3533 825 3586 cf.
849 3534 1092 3585 Bresslau,
1134 3533 1313 3576 ‘Jahrb
1346 3531 1563 3574 Konrads
1592 3530 1678 3573 II.’
1710 3531 1752 3584 I,
1794 3531 1978 3573 Emeurs
2006 3528 2093 3581 IV,

233 3606 275 3648 p.
298 3594 380 3636 431
406 3606 495 3648 sqq.
611 3592 654 3643 8)
688 3591 864 3634 Otberto
894 3591 950 3640 (e.
975 3590 1261 3638 988—1008).
