2456 4036
292 248 350 292 44
809 246 1148 291 THIETMARI
1180 243 1397 289 CHRON.
1457 245 1572 288 LIB.
1603 245 1666 288 ΙΙ.

131 383 263 437 (954).
294 374 717 442 burgiensem³·¹
768 373 1006 441 precepit
1055 371 1309 424 excecari.
1406 370 1610 424 Causas
1660 373 1984 440 preponereb
2039 372 2179 436 n010‚

295 446 423 513 quia
461 444 531 497 ad
568 444 702 497 haec
738 442 1091 512 promerenda
1128 460 1233 494 non
1271 460 1388 496 esse
1425 442 1647 495 idoneas
1695 443 1750 495 in
1790 443 2017 496 veritate
2055 443 2180 498 scic.

134 525 267 579 (955).
300 517 353 568 Is
392 534 510 569 cum
558 517 613 567 in
668 514 771 567 fine
819 530 915 566 suo
964 531 996 564 a
1036 513 1346 578 Michaelec,
1399 513 1776 567 Ratisbonensi
1821 515 2072 583 episcopo
2118 514 2182 567 de

293 587 391 639 tali
423 588 702 639 commisso
736 583 1125 645 amonereturd,
1165 602 1221 636 se
1253 585 1308 635 in
1340 584 1509 651 priori
1538 595 1818 653 peccasse⁰
1843 586 2013 638 solum
2045 585 2182 638 fate-

296 663 386 710 tur
424 664 478 709 et
518 658 573 708 in
612 655 975 721 archipresule
1009 654 1196 722 nichi13
1236 655 1506 722 ignorans,
1547 674 1706 724 quam
1738 655 1940 725 parva2
1969 674 2054 709 res
2086 661 2181 720 est,

294 730 350 780 in
395 745 503 796 qua
546 726 837 792 flagitiumf
879 726 1044 778 deest.
1127 725 1281 778 Unde
1321 726 1481 778 Davit
1526 727 1751 795 supplex
1794 728 2053 795 loquitur:
2101 727 2182 779 Ab

39 799 505 855 Psaim.18,13.occultis
543 798 668 848 meis
699 798 895 849 munda
937 816 1031 861 me,
1068 797 1323 849 Domine!
1392 797 1565 849 Huius
1604 798 1880 862 *coniunx,
1921 798 2182 851 Iuthittag

294 867 564 933 nomine3,
619 885 739 920 cum
786 886 1005 935 presens
1052 867 1287 933 adesset,
1353 868 1491 921 hanc
1544 869 1934 922 confessionem
1981 870 2187 922 audivit

295 947 347 993 et
391 957 515 992 mox
554 939 666 991 viro
712 940 907 992 suimet
950 940 1233 1005 moriente,
1281 957 1475 1008 corpus
1521 940 1758 993 eiusdem
1805 941 1860 993 in
1905 941 2182 1005 aecclesia,

296 1029 455 1080 quam
494 1011 609 1078 ipse
647 1011 703 1062 in
743 1011 998 1064 honorem
1044 1015 1263 1065 sanctae
1301 1011 1508 1064 Mariae
1554 1029 1761 1080 semper
1797 1012 2016 1080 virginis
2062 1029 2183 1065 con-

295 1081 581 1147 strucxit4,
637 1101 757 1135 cum
811 1100 1002 1150 magno
1057 1100 1263 1135 merore
1317 1082 1582 1151 deposuit,
1639 1087 1692 1135 et
1742 1083 1798 1135 in
1852 1101 2183 1153 quocumque

295 1155 528 1206 animam
568 1154 683 1206 eius
722 1172 976 1222 umquam
1017 1153 1306 1222 deliquisse
1344 1154 1464 1222 ipsa
1494 1155 1649 1208 scivit
1676 1154 1759 1207 vel
1788 1153 1856 1207 ab
1888 1155 2010 1208 aliis
2043 1172 2184 1208 com-

293 1226 450 1295 perit,
490 1225 728 1278 lacrimis
767 1243 830 1277 ac
867 1224 1231 1278 ineffabilibus
1271 1225 1572 1278 emendavit
1609 1226 1956 1296 elemosinis]

438 1297 525 1350 41.
584 1296 754 1366 [Haec
792 1298 846 1349 in
886 1297 1147 1350 viduitate
1189 1315 1287 1349 sua
1326 1298 1661 1350 continenter
1699 1298 1875 1350 vivens
1921 1315 2040 1350 cum
2079 1297 2187 1350 Ha-

295 1368 576 1433 brahamh,
631 1369 1025 1436 Frisingensem
1075 1368 1380 1436 episcopum
1396 1369 1441 1433 5,
1494 1385 1591 1435 pre
1645 1369 1870 1421 caeteris
1924 1368 2185 1436 diligeret,

294 1440 473 1493 invido
504 1439 713 1507 vulgari
746 1440 902 1492 dente
927 1439 1214 1492 admodum
1239 1439 1583 1507 inculpabilis
1607 1438 1985 1492 dilaniebatur.
2041 1439 2187 1503 Quae

297 1530 418 1566 cum
458 1510 522 1564 de
562 1513 664 1564 hac
698 1512 816 1564 luce
848 1512 1117 1579 migraret,
1158 1512 1213 1563 in
1244 1510 1329 1563 die
1361 1511 1710 1580 depositionis
1744 1529 1872 1564 suae
1904 1511 1973 1564 ab
2005 1511 2187 1564 eodem

297 1583 540 1637 antistite
572 1589 785 1636 missam
821 1588 1071 1636 cantante
1103 1583 1180 1635 sic
1211 1588 1551 1651 expurgatur.
1608 1584 1743 1635 Ante
1767 1583 2188 1636 communionem

296 1657 342 1708 is
395 1673 577 1708 versus
632 1655 698 1707 ad
752 1654 1030 1723 populum,
1083 1672 1222 1723 quae
1274 1655 1470 1707 merita
1523 1654 1637 1706 eius
1691 1654 1910 1718 fuerint,
1966 1655 2190 1707 circum-

297 1727 570 1780 stantibus
608 1726 829 1779 indixit:
879 1726 1044 1790 ‘Hoc',
1087 1726 1350 1794 inquienS,
1400 1725 1712 1790 ‘delictum¹,
1765 1742 1871 1793 quo
1911 1724 2191 1778 diffamata

296 1798 416 1863 fuit,
456 1799 501 1851 si
531 1799 630 1851 hec
662 1798 951 1866 umquamk
984 1798 1268 1862 commisit,
1311 1797 1475 1850 faciat
1513 1798 1848 1865 omnipotens
1882 1797 2039 1850 Pater
2069 1796 2193 1850 Filii

298 1871 494 1923 suimet
543 1871 784 1938 corporis
836 1874 888 1922 et
939 1870 1215 1937 sanguinis
1266 1869 1503 1922 salutare
1552 1868 1849 1921 remedium
1897 1869 2028 1920 mihi
2071 1885 2192 1936 pro-

296 1942 476 1995 venire
514 1941 585 1994 ad
629 1941 886 1994 iudicium
937 1945 990 1993 et
1027 1941 1096 1993 ad
1134 1940 1391 1993 debitam¹
1437 1941 1916 2009 dampnationemm
1959 1939 2195 1993 animae-

299 2031 402 2083 que
449 2014 563 2066 eius
608 2013 677 2066 ad
723 2018 1039 2080 perpetuam
1085 2012 1467 2065 salvationem.’
1553 2013 1623 2064 Et
1667 2016 1796 2065 tunc
1840 2029 1960 2064 cum
1998 2011 2193 2064 mentis

299 2103 363 2138 ac
402 2087 640 2153 corporis
679 2085 984 2137 innocentia
1031 2085 1258 2153 sumpsit
1302 2084 1518 2136 unicum
1565 2084 1774 2136 cunctis
1819 2082 2067 2136 fidelibus
2112 2100 2195 2135 re-

299 2156 549 2210 medium.
622 2155 866 2208 Credidit
894 2156 1139 2225 populus,
1172 2156 1413 2224 quamvis
1445 2172 1582 2220 ser0,
1623 2160 1676 2207 et
1707 2172 1829 2207 cum
1860 2154 2195 2207 detraccione

301 2229 501 2281 iniusta
539 2228 662 2296 plus
701 2228 747 2279 ei
787 2228 1008 2296 profuit,
1050 2245 1170 2279 cum
1208 2244 1401 2280 nocere
1441 2227 1747 2296 studuerit]

443 2301 528 2354 42.
570 2299 701 2370 (26.)
755 2299 928 2368 [*Fuit
967 2299 1022 2351 in
1054 2298 1242 2351 diebus
1273 2298 1504 2367 predicti
1529 2298 1727 2351 cesaris
1753 2297 1970 2366 quidam
1999 2314 2192 2359 comeS‚

300 2371 418 2425 Hed
456 2373 692 2434 nomine,
739 2371 832 2439 qui
873 2371 1187 2423 aecclesiam
1219 2371 1273 2422 in
1313 2371 1513 2423 honore
1555 2369 1756 2423 Christi
1801 2369 2012 2422 adletae
2046 2368 2195 2421 Viti*

300 2445 355 2496 in
388 2441 680 2510 Heslinge6
711 2447 1089 2506 constructam,
1131 2443 1258 2511 quia
1289 2442 1536 2495 heredem
1577 2459 1683 2494 non
1716 2441 1921 2506 habuit,
1961 2441 2196 2494 maxima

300 2516 468 2568 totius
500 2515 845 2583 proprietatis
878 2532 1006 2567 suae
1034 2519 1190 2583 parte
1222 2513 1428 2566 dotavit
1458 2519 1524 2577 et,
1559 2513 1973 2581 congregatione
2001 2514 2195 2565 sancti-

301 2587 611 2640 monialium
672 2585 870 2638 ibidem
931 2586 1100 2651 facta,
1167 2585 1391 2638 eandem
1460 2585 1743 2638 abbaciam
1812 2583 2195 2636 mundiburdio

301 2658 610 2725 Etheldagi,
678 2658 980 2710 Bremensis
1048 2657 1497 2725 archiepiscopi7,
1574 2656 1803 2710 subditn.
1919 2655 2022 2708 Sed
2075 2672 2196 2722 pre—

301 2731 506 2798 positae
538 2729 662 2781 huic
693 2728 807 2782 sedi
838 2729 1078 2796 geminae
1111 2728 1440 2782 venerabiles
1472 2734 1769 2792 matronae,
1808 2727 2000 2796 quibus
2031 2744 2195 2779 unum
2448 2734 2456 2800 ξ

304 2807 422 2856 erat
458 2801 777 2855 vocabulum
810 2800 1171 2870 Winnilgerd⁰
1203 2801 1422 2861 dictum,
1463 2801 1583 2865 cito,
1623 2809 1753 2867 prop
1786 2799 1955 2852 dolor!
1997 2798 2195 2853 obiere.
2449 2801 2456 2860 Ξ,

397 2931 445 2984 ²1‘)
478 2931 712 2987 Septennis
743 2930 884 2986 pueri,
918 2930 993 2987 qui
1024 2930 1071 2973 in
1101 2944 1214 2974 nova
1244 2928 1432 2974 Corbeia
1461 2929 1701 2986 requiescit
1733 2930 1838 2973 add.
1869 2933 1914 2973 2.

305 3047 341 3087 a)
366 3047 457 3079 salb.
484 3048 523 3086 E,
547 3055 568 3076 z
590 3045 675 3077 add.
703 3045 739 3076 V.
793 3043 831 3082 b)
853 3043 876 3084 ἶ)
899 3053 1037 3076 erasum
1060 3046 1092 3075 1.
1148 3043 1180 3084 c)
1204 3043 1364 3075 michalo
1378 3046 1418 3084 E,
1442 3052 1530 3075 corr.
1551 3044 1591 3075 T.
1647 3043 1685 3082 d)
1707 3051 1818 3074 amm.
1845 3043 1880 3075 V.
1929 3041 1967 3082 e)
1989 3049 2146 3080 pecasse
2161 3042 2194 3073 1.

305 3091 334 3130 f)
358 3091 409 3121 ita
443 3090 490 3131 W,
514 3090 557 3123 A.
579 3088 615 3121 S.
640 3098 674 3120 a.
693 3088 779 3127 9553
804 3088 949 3119 flacium
974 3089 1013 3119 E.
1083 3086 1123 3127 g)
1147 3088 1294 3119 alterum
1317 3090 1331 3118 t
1353 3086 1435 3119 add.
1457 3086 1496 3117 Τ.
1578 3085 1618 3127 h)
1640 3085 1664 3116 h
1689 3095 1836 3117 erasum.
1914 3085 1943 3125 i)
1970 3083 2131 3116 debitum
2155 3085 2195 3123 E,

305 3143 393 3165 corr»
419 3133 458 3164 T.
568 3130 610 3172 k)
645 3131 677 3162 si
709 3140 771 3162 um
800 3131 981 3170 hecquam
1011 3132 1050 3169 E,
1083 3139 1170 3161 corr.
1192 3131 1233 3162 T.
1351 3130 1382 3171 1)
1413 3129 1583 3161 delictam
1606 3130 1646 3170 E,
1679 3138 1767 3161 corr.
1787 3129 1827 3160 T.
1947 3126 1997 3167 m)
2033 3126 2139 3166 dapn.
2166 3129 2196 3158 1.

306 3175 345 3215 n)
369 3175 530 3207 subdidit
558 3175 596 3208 V.
679 3173 714 3212 o)
738 3174 827 3205 uuin
860 3191 892 3195 ή-
917 3172 1005 3213 gerd
1028 3173 1067 3204 in
1091 3173 1230 3205 duabus
1254 3173 1358 3204 lineis
1380 3174 1420 3211 E,
1446 3173 1499 3204 nil
1519 3173 1549 3203 T
1570 3173 1607 3203 in
1630 3173 1786 3214 margine
1808 3171 2017 3210 adscripsit3
2042 3169 2197 3202 windil-

306 3220 394 3258 gard
417 3222 451 3251 2.
477 3219 519 3250 A.
545 3219 585 3251 S.
673 3216 712 3259 p)
735 3218 848 3256 proch
881 3217 909 3248 V
927 3217 1084 3256 saepius.

310 3319 351 3371 1)
386 3321 635 3364 Her-oldam
662 3318 923 3373 (939—958)
950 3333 992 3362 a.
1018 3318 1123 3370 9543
1158 3317 1215 3373 cf.
1240 3318 1483 3361 Dammler
1499 3329 1548 3370 p.
1574 3316 1669 3367 104,
1695 3314 1793 3366 248,
1818 3314 1915 3359 295.
2025 3312 2069 3367 2)
2105 3313 2137 3357 i.
2159 3326 2195 3378 e.

306 3390 431 3427 rara,
470 3391 542 3421 res
576 3391 772 3433 paucae,
812 3376 930 3430 conf.
967 3378 1008 3419 Ι.
1042 3376 1158 3431 prol.
1197 3388 1238 3418 v.
1272 3375 1339 3418 14.
1399 3377 1453 3418 L.
1585 3374 1629 3424 3)
1669 3372 1799 3417 Filia
1838 3370 2024 3424 Arnulfi
2064 3370 2196 3414 ducas

310 3434 587 3488 (907—937),
619 3448 756 3492 quam
786 3434 1032 3478 Heinricus
1065 3448 1105 3477 a.
1138 3433 1223 3477 938
1253 3432 1301 3475 in
1332 3431 1667 3475 matrimonium
1699 3430 1919 3483 ducuerat,-
1959 3427 2197 3472 Dammler

304 3504 353 3544 p.
377 3492 445 3535 80.
570 3493 615 3545 4)
658 3495 716 3535 In
757 3492 943 3535 abbatia
983 3491 1357 3534 Niedermi‘mster
1394 3489 1442 3532 in
1484 3488 1593 3531 urbe
1632 3487 1927 3542 Reyensbarq
1964 3485 2194 3539 sarmata,-

309 3549 547 3592 DammZer
572 3563 618 3603 p.
644 3551 741 3594 508.
873 3547 918 3602 5)
965 3548 1056 3600 Qui
1085 3548 1201 3591 sedit
1229 3545 1485 3591 957—993.
1614 3543 1657 3597 6)
1703 3545 1976 3598 Heeslinqen
2005 3542 2102 3585 vico
2135 3541 2196 3584 ad

309 3605 496 3659 fluvium
529 3606 631 3651 Oste
655 3619 799 3661 prope
831 3606 978 3649 Zeven
1010 3606 1108 3650 sito.
1226 3603 1269 3656 7)
1304 3604 1395 3656 Qui
1422 3603 1539 3647 sedit
1567 3601 1809 3647 936-988.
