2456 4036
397 250 480 293 160
902 245 1241 291 THIETMARI
1271 243 1490 289 CHRON.
1548 244 1662 288 LIB.
1692 245 1770 290 VI.

537 375 681 427 Avus
731 390 901 436 meuS‚
953 373 1018 424 de
1065 387 1172 439 quo
1220 370 1454 439 predixi,
1505 370 1840 436 Liutharius,
1889 377 2173 441 postquam
2218 374 2276 428 in

395 445 669 497 dominum
716 444 913 496 suimet
960 450 1014 495 et
1061 459 1243 509 regem
1292 440 1587 510 deliquidl,
1637 459 1826 495 nevam
1874 443 2011 496 hanc
2059 443 2275 498 abluere

394 516 576 569 sedulo
630 514 899 582 cogitavit.
990 512 1142 566 Unde
1196 513 1578 565 monasterium
1630 514 1686 565 in
1736 513 1875 578 loco,
1930 512 2041 586 [qui
2094 513 2276 590 Rivus]

396 588 594 640 dicitur
631 585 928 647 silvaticus,
966 585 1022 636 in
1059 584 1262 637 honore
1299 589 1516 636 sanctae
1547 584 1646 637 Dei
1678 585 1951 652 genitricis
1981 588 2279 641 construxit

393 658 696 724 ibidemque
729 656 1046 723 Willigisum
1085 655 1277 708 statuit
1309 655 1656 724 prepositum,
1694 657 1987 711 concedens
2016 657 2279 712 fratribus

394 729 500 782 hiis
558 728 629 780 ad
679 729 850 779 victus
901 728 1233 796 vestitusque
1290 728 1593 780 necessaria
1651 727 1913 781 decimam
1961 727 2278 783 hereditatis

231 806 348 862 (964)
395 817 524 853 suae
570 804 791 866 partem.
877 798 994 861 Quo
1046 797 1390 852 discedente2
1439 815 1577 851 uxor
1632 817 1730 852 sua
1774 799 2050 853 Mahtildis
2093 806 2278 854 votum

178 885 366 927 (Ian-21)-
393 870 573 924 dilecti
610 870 838 923 senioris
877 870 962 923 sui
1012 869 1316 923 faventibus
1361 869 1433 922 ad
1478 870 1610 923 haec
1656 870 1864 924 duobus
1916 872 2111 925 suimet
2152 871 2277 926 filiis

391 940 645 1011 perficere
701 941 973 995 anhelavit
1024 942 1107 995 *et
1148 947 1270 1011 post
1321 941 1526 994 obitum
1571 942 1821 1010 Willigisi
1864 945 2035 1010 patris
2081 945 2278 1012 egreii²
2300 961 2319 980 *

390 1012 773 1082 Reginbertum
826 1013 892 1066 de
950 1015 1198 1067 orientali
1256 1013 1485 1066 Francia
1545 1018 1734 1067 natum
1791 1014 2075 1068 succedere
2133 1015 2278 1070 fecit.

394 1085 497 1138 Hic
534 1085 758 1138 decurso
797 1085 1087 1139 multorum
1125 1086 1309 1153 spacio
1349 1103 1631 1149 annorum,
1677 1087 1920 1139 mortuob
1958 1091 2088 1140 tunc
2123 1093 2279 1156 patre

395 1174 511 1210 meo
535 1162 588 1210 et
611 1163 782 1210 matre
807 1157 922 1209 eius
934 1155 973 1222 3,
1006 1158 1205 1211 auxilio
1236 1157 1419 1223 patrui
1449 1158 1665 1210 meimet
1688 1157 1956 1211 Liutharii
1979 1159 2279 1228 Antiquae0

226 1234 362 1288 (992).
394 1227 662 1282 civitatis4
700 1229 927 1281 antistes
965 1247 998 1282 a
1034 1230 1200 1283 tercio
1239 1228 1435 1282 Ottone
1473 1228 1693 1282 effectus
1732 1229 1863 1284 est5.

535 1301 622 1354 44.
677 1300 801 1352 Fuit
831 1305 961 1353 tunc
990 1302 1047 1353 in
1060 1305 1263 1366 ‚nostra
1284 1301 1561 1354 vicinitate
1590 1301 1814 1354 clericus
1844 1300 2039 1354 nobilis
2069 1319 2278 1371 genere,

393 1371 708 1425 Thiedricus
745 1372 975 1439 nomine,
1014 1374 1108 1442 qui
1146 1390 1313 1425 suasu
1348 1372 1547 1441 prefati
1584 1373 1794 1425 comitis
1832 1373 2048 1426 decemd
2076 1373 2280 1426 mansis

392 1445 790 1513 preposituram
842 1444 981 1497 hanc
1032 1445 1382 1511 comparavit.
1479 1442 1595 1505 Quo
1647 1444 1762 1496 totss
1813 1446 1968 1497 annis
2018 1445 2103 1498 vel
2158 1445 2280 1514 plus

236 1523 361 1566 1002.
393 1516 626 1581 sedente,
672 1516 929 1568 defuncta
966 1522 1140 1569 matre
1178 1534 1313 1579 mea,
1349 1533 1446 1583 ego
1485 1515 1639 1568 heres
1682 1516 1882 1569 tercius
1919 1515 2188 1570 successi⁷
2226 1521 2281 1570 et

392 1588 569 1656 predii
606 1588 994 1653 medietateme,
1042 1605 1179 1657 quae
1218 1587 1500 1641 cenobium
1546 1587 1871 1655 respiciebat
1914 1588 2200 1656 prefatum,
2246 1606 2281 1642 a

395 1659 783 1713 confratribusf
831 1659 966 1713 meis
1012 1660 1237 1728 suscepi.
1322 1659 1462 1712 Exin
1508 1664 1760 1728 patruum
1806 1677 1930 1728 sepe
1968 1659 2280 1729 alloquebar

394 1750 588 1796 meum,
635 1737 900 1800 quatenus
936 1732 1068 1784 mihi
1104 1732 1292 1785 liceret
1329 1749 1514 1784 curam
1551 1730 1732 1783 subire
1769 1731 2067 1800 predictam
2111 1738 2179 1795 et,
2233 1732 2281 1784 si

394 1820 501 1856 non
545 1805 808 1872 potuisset
850 1802 908 1855 id
951 1802 1068 1856 fieri
1114 1803 1275 1867 d0n0,
1330 1804 1521 1856 saltem
1563 1802 1718 1856 fieret
1754 1803 2041 1856 *mediocri
2081 1804 2277 1872 preci0.
2304 1820 2323 1840 *

393 1876 527 1928 Hicg
550 1881 675 1945 post
696 1876 909 1943 longam
943 1877 1111 1928 animi
1141 1876 1437 1928 constantis
1468 1874 1944 1928 deliberationemh
1973 1874 2280 1944 posthabito

393 1949 636 2000 caritatis
676 1953 731 2000 et
768 1947 1050 2001 affinitatis
1089 1947 1270 2000 debito
1315 1965 1511 2014 magna
1545 1948 1631 2000 exi
1671 1951 1824 2015 parte
1861 1965 1982 2000 mea
2013 1947 2279 2014 poposcit3

393 2024 447 2073 et
484 2020 611 2088 quia
648 2020 704 2072 in
736 2019 996 2072 fratribus
1028 2021 1159 2072 meis
1190 2019 1335 2072 nullo
1365 2019 1584 2072 fruebar
1612 2019 1974 2083 amminicuIO,
2013 2017 2281 2072 desiderio

395 2091 656 2156 eiusdem,
713 2108 810 2160 pro
858 2091 1030 2145 dolor!
1086 2092 1334 2144 consensi
1384 2109 1447 2143 ac
1492 2090 1730 2143 eiusdem
1768 2090 2082 2154 aecclesiae,
2129 2090 2280 2143 cuius

394 2168 522 2217 tunc
559 2163 638 2216 fui
674 2169 901 2232 paterna
938 2163 1233 2231 tradicione
1274 2160 1492 2234 [servuS,
1533 2160 1850 2234 dominicae]
1889 2162 2280 2216 incarnationis

225 2249 368 2281 Mati-⁷·
394 2233 574 2307 [anno]
613 2235 895 2289 millesimo
935 2235 1002 2288 II.
1030 2235 1163 2287 Non.
1190 2235 1334 2287 Maik
1372 2241 1551 2287 custos
1585 2233 1805 2287 effectus
1837 2252 1970 2296 sum,
2010 2237 2280 2286 annuente

395 2306 451 2360 id
482 2315 820 2360 antecessore
851 2325 968 2360 meo
1001 2306 1068 2360 ob
1101 2313 1378 2374 acceptam
1402 2307 1872 2358 commutationem
1890 2305 1992 2358 sibi
2007 2305 2279 2375 placitam.

539 2380 624 2434 45.
671 2379 733 2431 In
764 2379 865 2432 hoc
895 2378 1063 2432 offitio
1095 2379 1213 2447 plus
1236 2379 1539 2447 iniquitatis
1570 2396 1731 2447 quam
1754 2377 1966 2431 divinae
1990 2377 2281 2446 aequitatis

396 2451 605 2504 ociosus
643 2457 892 2520 operator
929 2452 1079 2519 exegi
1118 2456 1171 2503 et
1218 2468 1314 2519 pro
1358 2450 1459 2502 hoc
1498 2449 1685 2518 dignos
1714 2450 2042 2518 penitentiae
2071 2449 2283 2502 fructus

395 2540 687 2592 numquam
747 2540 995 2576 exercere
1052 2521 1301 2576 conabar.
1398 2520 1518 2574 Non
1575 2521 1745 2575 ullum
1804 2520 2283 2589 consanguinitatis

394 2595 538 2648 linea
576 2594 710 2647 mihi
747 2595 1116 2648 *coniunctum
1153 2611 1363 2659 accuSO,
1403 2593 1498 2646 sed
1534 2593 1674 2646 bona
1711 2611 1807 2661 pro
1846 2593 1999 2646 malis
2037 2591 2282 2645 omnibus
2307 2605 2326 2624 *
2387 2646 2390 2654 ,
2425 2634 2428 2648 .

398 2666 484 2720 his
533 2666 796 2735 exflagito
890 2667 1109 2720 Mortua
1157 2683 1322 2719 uxore
1364 2665 1548 2719 fratris
1594 2665 1699 2718 mei
1756 2662 1995 2737 [rogatus
2050 2682 2170 2718 sum
2213 2662 2283 2716 ab

393 2756 483 2804 eo,
534 2736 611 2810 ut]
657 2739 994 2807 sepulturam
1040 2736 1127 2810 [ei]
1171 2755 1460 2807 preparare
1504 2737 1792 2790 voluissem
1838 2741 2097 2804 optatam.
2178 2734 2284 2788 Sed

399 2828 520 2863 cum
572 2811 764 2864 scirem
826 2811 1146 2880 Willigisum
1204 2810 1563 2863 venerabilem
1632 2809 1709 2861 ibi
1768 2827 1883 2862 esse
1941 2808 2283 2872 tumulatum,

398 2926 434 2967 a)
466 2927 588 2966 egreei
607 2928 651 2958 B.
754 2926 793 2965 b)
822 2929 963 2958 mortua
988 2927 1020 2958 1.
1122 2924 1157 2963 c)
1190 2933 1258 2957 uae
1281 2924 1366 2958 add.
1386 2926 1427 2957 T.
1537 2924 1572 2965 d)
1601 2924 1775 2956 tredecim
1799 2925 1843 2955 B.
1946 2923 1983 2965 e)
2011 2923 2221 2956 moditatem
2244 2923 2281 2954 1.

398 2971 430 3010 f)
454 2969 583 3002 acfrib.
599 2973 630 3002 1.
711 2970 750 3010 g)
772 2970 805 3001 Ϊι·
823 2972 855 3002 1.
943 2968 985 3010 h)
1006 2969 1115 3009 longa
1137 2977 1169 2999 a.
1188 2977 1218 3000 c.
1244 2969 1507 3001 deliberatione
1531 2970 1562 3000 1.
1625 2982 1629 2986 >
1652 2967 1681 3008 i)
1702 2971 1737 2999 et
1752 2968 1804 3007 B;
1827 2975 1874 2998 ex
1891 2968 1932 2999 Τ.
2021 2967 2061 3007 k)
2090 2966 2273 3008 legendum

396 3016 467 3046 est:
490 3014 683 3046 millesimo
704 3013 866 3045 secundo
887 3013 1009 3045 Nonas
1034 3012 1121 3044 Mai.

401 3099 444 3152 1)
477 3100 613 3144 Anno
644 3100 749 3151 941;
781 3099 839 3155 cf.
870 3112 1014 3154 supra
1043 3099 1116 3153 II,
1148 3099 1218 3142 21.
1335 3098 1378 3151 2)
1411 3099 1534 3142 Ann.
1555 3098 1718 3142 necrol.
1742 3097 1883 3142 Fam.
1914 3098 2020 3142 964:
2054 3094 2157 3140 ΧΠ.
2180 3093 2284 3139 Kal.

399 3157 531 3202 Febr.
561 3157 676 3201 obiit
706 3157 965 3201 Liutharius
996 3169 1152 3200 eomes.
1269 3155 1313 3208 3)
1344 3156 1487 3199 Pater
1518 3155 1767 3199 Thz'etmari
1795 3153 2049 3210 Siyifridus
2079 3158 2285 3197 mortuus
2375 3175 2391 3226 -ε

401 3221 466 3260 est
488 3216 572 3260 992
590 3216 707 3259 Mai.
726 3214 793 3267 15,
818 3216 925 3259 avia
946 3215 1043 3258 eius
1060 3213 1333 3258 Malathildis
1356 3213 1506 3257 eodem
1529 3226 1649 3256 armo
1673 3213 1784 3256 Dec.
1800 3213 1848 3263 3;
1878 3225 1919 3255 v.
1938 3225 2082 3267 supra
2104 3210 2192 3263 IV,
2215 3209 2283 3254 17.

394 3274 444 3324 4)
478 3273 744 3329 Azdenburq
771 3273 820 3316 in
858 3272 1064 3328 Waqria.
1109 3271 1166 3315 L.
1228 3271 1379 3314 Hodie
1410 3270 1667 3325 oldenburg}
1697 3270 1929 3326 oppidum.
2056 3268 2100 3322 5)
2141 3267 2283 3312 Dedi·

402 3331 574 3375 cationi
595 3330 1004 3375 Halberstadensis
1028 3329 1238 3373 ecclesiae
1260 3329 1344 3372 992
1377 3327 1471 3372 Oct.
1488 3328 1542 3371 16
1565 3328 1660 3371 iam
1684 3327 2006 3382 Reyinbertum
2028 3326 2285 3380 episcopum

400 3388 662 3442 interfuisse
692 3390 815 3432 Ami.
841 3388 998 3441 Quedl.
1027 3387 1242 3432 tradunt.-
1274 3390 1444 3430 aestate
1473 3386 1611 3440 iyitur
1641 3385 1838 3429 eiusdem
1869 3385 1983 3428 anni
2007 3385 2135 3428 illum
2164 3382 2284 3426 ordi·

400 3450 560 3489 uatum
592 3459 686 3489 esse
715 3459 892 3490 necesse
921 3450 998 3489 est.
1067 3442 1154 3488 Cui
1180 3444 1250 3488 rei
1275 3444 1436 3498 optime
1467 3443 1731 3486 conveniunt
1759 3456 1826 3496 ea,
1856 3455 1972 3498 quae
2003 3440 2287 3484 Thietmarus
2369 3442 2411 3495 fg

402 3503 452 3546 in
475 3504 677 3559 sequenti
699 3504 845 3558 capite
869 3503 991 3546 dicit.
1080 3503 1126 3555 6)
1150 3503 1191 3544 I.
1209 3515 1243 3546 e.
1266 3500 1460 3551 totidem,
1485 3500 1580 3544 scil.
1605 3500 1780 3543 decem.-
1812 3513 1903 3555 qua
1925 3512 1975 3543 re
1994 3497 2287 3553 perducimur
2370 3496 2409 3549 .-‘''']

399 3560 468 3603 ad
490 3574 532 3603 a.
552 3561 675 3611 1002,
697 3573 783 3616 quo
813 3560 1071 3604 ordinatum
1102 3572 1198 3603 sese
1227 3571 1322 3602 esse
1342 3559 1439 3613 ipse
1464 3570 1635 3614 quoque
1655 3563 1806 3602 noster
1826 3557 1965 3612 paulo
1986 3553 2114 3608 infra
2134 3551 2285 3609 refert.

2371 3628 2390 3644 ἵ

400 3616 448 3669 ’7)
482 3617 521 3659 Ι.
546 3631 582 3660 e.
613 3619 772 3662 tertius
811 3618 1029 3673 Williyisi
1057 3629 1291 3662 successor
1322 3616 1608 3659 Thietmarus
1630 3614 1792 3670 factus
1822 3619 1897 3659 est.
