2456 4036
238 451 363 495 1015.

204 740 297 771 Mai.
314 742 367 772 31.

205 1452 289 1484 Mai.
309 1453 361 1484 29.

206 2236 289 2269 Iun.
307 2238 361 2270 24.

239 2740 311 2772 Iul.
329 2742 363 2773 8.

395 317 480 361 202
807 314 1144 359 THIETMARI
1174 312 1392 357 CHRON.
1453 313 1564 357 LIB.
1595 313 1710 357 VIII
1741 313 1879 368 (VII).

395 443 599 495 cunctis
652 441 898 494 fidelibus
950 440 1300 508 peccatricem
1352 440 1569 492 meimet
1618 441 1853 492 animam
1914 459 2078 510 queso
2137 459 2278 495 com-

394 513 643 566 mendate
681 520 732 564 et
772 529 991 564 uxorem
1030 529 1226 575 meam,
1276 515 1337 562 ut
1374 510 1632 563 honorem
1673 529 1828 564 suum
1867 517 2042 565 servet
2085 518 2138 566 et
2174 515 2279 566 mei

393 602 499 636 non
553 584 915 644 obliviscatur,
966 582 1302 634 ammonete.⁹
1377 581 1523 633 Haec
1576 581 1782 646 dicem,
1837 583 1892 634 in
1945 600 2278 653 quocumque

394 671 645 722 umquam
672 671 727 705 se
751 652 958 720 aliquid
989 652 1279 720 deliquisse
1307 653 1583 704 recordari
1608 655 1802 722 potuit,
1834 655 2039 706 cunctis
2062 672 2279 723 presen-

392 726 537 778 tibus
576 725 809 776 innotuit
852 730 906 776 et
954 741 1078 776 mox
1117 724 1182 776 de
1220 723 1338 776 luce
1379 721 1517 795 [hac]
1558 724 1627 779 ΙΙ.
1650 724 1768 778 Kal.
1803 724 1981 777 Iuniil
2018 725 2278 791 discessit,

393 796 633 864 sepultus
672 796 727 846 in
767 794 1070 862 Wirciburg
1108 796 1258 847 iuxta
1302 801 1512 861 patrem
1551 813 1705 848 suum
1756 797 2115 849 marchionem
2154 797 2280 850 Liu-

390 867 626 935 poldum‚
662 872 720 918 ut
749 867 864 933 ipse
894 867 1117 934 rogavit.
1179 865 1281 918 Hic
1311 866 1536 930 iuveniS‚
1574 871 1634 918 ut
1664 883 1836 935 sper03
1877 867 2087 921 felicem
2118 868 2280 922 habet

391 939 649 1002 animam,
703 939 814 1002 cui,
879 938 1019 989 sicut
1066 938 1182 1004 ipse
1231 939 1416 989 vivens
1464 941 1695 990 testatus
1745 944 1848 1001 est,
1911 939 2031 1007 plus
2077 940 2280 1008 placuit

389 1026 569 1061 coram
607 1008 790 1061 multis
829 1007 917 1060 hic
954 1008 1286 1072 erubescere,
1338 1026 1501 1076 quam
1547 1026 1726 1062 coram
1771 1010 2126 1078 omnipotenti
2166 1012 2277 1064 Deo

390 1081 575 1134 latere.
664 1079 773 1132 *De
821 1079 922 1132 hoc
972 1080 1294 1148 exemplum,
1344 1081 1542 1132 fratres
1591 1081 1645 1132 in
1703 1080 1940 1144 Christe,
1992 1083 2170 1148 capite
2229 1087 2323 1135 et*

388 1151 634 1204 morbum
679 1152 906 1203 interius
953 1151 1213 1203 latentem
1258 1150 1463 1204 medico
1503 1151 1752 1204 caelestia
1795 1153 2000 1220 aperite
2047 1159 2100 1206 et
2142 1154 2281 1207 anti-

385 1223 606 1276 dotumb
656 1222 770 1275 eius
816 1222 1032 1275 salubre
1078 1223 1386 1275 nullatenus
1433 1223 1668 1290 spernite
1717 1228 1791 1287 et,
1838 1225 2164 1293 quicumque
2209 1225 2282 1278 sit

387 1295 442 1346 in
481 1294 585 1346 fine
625 1298 811 1346 nostro
850 1294 1136 1358 confessor,
1177 1311 1282 1345 non
1321 1299 1562 1346 moretur
1599 1295 1656 1346 in
1686 1296 1917 1361 gementi
1947 1295 2280 1364 professione

386 1371 658 1435 peccator,
703 1372 765 1417 ut
810 1365 878 1417 ab
926 1382 988 1417 eo
1036 1366 1091 1417 in
1137 1365 1300 1418 caelis
1345 1365 1650 1418 inveniatur
1693 1366 1966 1434 propicius
2008 1368 2277 1421 remissor.

536 1440 615 1492 15.
668 1435 804 1505 (11.)
875 1437 956 1488 Ad
1007 1441 1554 1503 supramemoratam0
1606 1436 2058 1503 sollempnitatem
2107 1444 2162 1491 et
2208 1438 2279 1491 ad

387 1508 690 1575 predictum
728 1507 934 1560 locum2
979 1507 1196 1576 quidam
1233 1508 1469 1560 rusticus
1502 1508 1567 1559 de
1598 1507 1834 1560 occiduis
1864 1511 2079 1562 veniens
2109 1512 2280 1577 parti-

388 1581 487 1632 bus
545 1596 736 1633 novam
793 1580 1111 1645 imperatori
1167 1580 1490 1647 legationem
1547 1578 1747 1631 detulit
1803 1584 1855 1631 et
1907 1579 2045 1633 hanc
2096 1581 2279 1633 nullod

386 1652 491 1704 nisi
524 1652 620 1705 eo<1
651 1651 753 1703 soli
785 1668 1038 1719 umquam
1071 1652 1282 1718 aperire
1312 1651 1494 1714 voluit,
1527 1656 1748 1718 portans
1781 1650 1958 1704 adhuc
1984 1649 2280 1723 [stimulum

387 1724 548 1788 hunc,
597 1740 702 1791 quo
742 1728 870 1774 tunc
909 1740 1072 1790 pecus
1113 1740 1273 1774 arans
1313 1720 1608 1794 minavit]0‚
1661 1739 1778 1774 cum
1818 1722 1918 1776 hoc
1957 1724 2007 1776 ei
2054 1724 2279 1776 caelitus

386 1793 502 1866 [per
527 1792 845 1865 columbam]
871 1794 1077 1846 iussum
1101 1793 1242 1848 fuitf.
1315 1794 1383 1846 Et
1406 1793 1526 1845 hicg
1551 1798 1669 1846 erat
1695 1799 1878 1846 tantae
1910 1794 2277 1863 longitudinm,

386 1872 445 1918 ut
483 1883 687 1930 omneS‚
737 1867 829 1934 qui
875 1866 1029 1918 eumh
1067 1865 1334 1930 viderant,
1382 1865 1543 1917 nimis
1599 1865 2032 1919 ammirarentur.
2119 1864 2280 1937 [Ipsei

387 1955 508 1990 vero
546 1937 759 1990 rediens
798 1938 1007 1990 cunctis
1046 1936 1501 2005 interrogantibus
1542 1936 1748 1989 indicat
1786 1937 1936 1990 iussu
1968 1940 2183 2001 cesariS‚
2222 1954 2279 1989 se

385 2009 457 2061 ad
504 2009 844 2078 Aquasgrani
896 2014 1018 2077 post
1063 2008 1461 2075 expedicionem
1515 2014 1798 2060 venturum
1858 2014 1912 2060 et
1962 2025 2279 2075 responsum

386 2081 455 2133 ab
499 2098 560 2133 eo
605 2081 803 2133 ibidem
851 2086 1210 2147 accepturum.
1294 2080 1365 2132 Et
1410 2080 1537 2147 quia
1582 2080 1719 2132 hanc
1761 2079 2187 2133 admonicionem
2226 2085 2281 2132 et

385 2151 573 2205 crebro
591 2152 749 2204 aliam
767 2151 1213 2204 innumerabilem
1230 2152 1505 2219 inperator
1521 2151 1736 2218 sprevit,
1759 2151 1806 2203 vi
1814 2151 2049 2204 ndictam
2075 2148 2279 2222 sensit.]

534 2225 616 2278 16.
677 2224 738 2275 ln
783 2224 1070 2275 nativitate
1118 2225 1291 2275 sancti
1332 2222 1582 2274 Iohannis
1627 2221 1921 2289 baptistae,
1970 2240 2106 2290 quae
2151 2227 2278 2275 tunc

384 2296 630 2362 proxima
654 2299 787 2358 erat,
819 2294 888 2346 ad
923 2294 1133 2347 Gosleri
1165 2312 1314 2347 cesar
1347 2295 1564 2346 veniens
1595 2293 1816 2345 Ernasti
1846 2293 2101 2346 ducatum
2132 2294 2279 2362 nepti

387 2367 554 2419 suae3
578 2373 631 2419 et
661 2366 771 2419 filio
798 2365 951 2418 eius4
975 2365 1143 2429 dedit;
1179 2370 1232 2418 et
1265 2364 1388 2417 inde
1420 2365 1490 2417 ad
1515 2364 1909 2432 Magathaburg
1937 2363 2278 2432 proficiscens

386 2440 742 2491 interventum
786 2437 947 2490 Cristi
995 2437 1180 2489 militis
1226 2437 1474 2488 Mauricii
1520 2435 1590 2488 ad
1638 2436 2063 2502 exsuperandam
2107 2436 2279 2489 hostis

387 2510 642 2562 Bolizlavi
682 2509 1071 2562 contumatiam
1104 2508 1419 2576 suppliciter
1448 2508 1670 2575 rogavit.
1748 2507 1955 2560 Dehinc
1985 2508 2055 2560 ad
2085 2507 2278 2567 locum,

388 2582 481 2648 qui
520 2580 913 2634 Sclancisvordi
952 2580 1235 2643 vocatur5‚
1275 2597 1396 2631 cum
1437 2579 1675 2631 exercitu
1712 2578 2006 2646 glomerato
2043 2579 2281 2647 perrexit

387 2659 439 2705 et
488 2670 739 2720 magnum
789 2650 1327 2719 comprovincialibus
1377 2649 1429 2702 et
1473 2650 1773 2702 marchioni
1822 2668 2003 2704 eorum
2051 2649 2280 2703 *Geroni

386 2725 570 2777 intulit
617 2721 963 2795 [damnumk]
1038 2723 1185 2775 VIII.
1219 2722 1297 2775 Id.
1331 2722 1456 2774 Iulii
1504 2721 1565 2775 fit
1609 2727 1796 2775 nostra
1844 2723 2181 2789 congregatio
2227 2727 2280 2774 et

386 2814 482 2863 pro
536 2795 847 2848 defensione
901 2794 1084 2846 debita
1144 2793 1538 2846 habitatoribus
1591 2793 1718 2845 hiisl
1768 2793 2014 2861 predatio
2067 2810 2276 2860 magna.

386 2869 677 2935 Postquam
726 2869 895 2919 nostri
942 2866 1117 2918 Albim
1164 2866 1522 2929 transierunt,
1568 2865 1869 2932 inperatrix
1915 2871 1968 2916 et
2014 2881 2110 2932 ego
2157 2881 2279 2916 cum

387 2939 481 2991 illa
521 2939 590 2991 ad
623 2939 905 3005 Mersburg
945 2942 1226 3005 pergentes
1265 2937 1464 2989 cesaris
1508 2936 1794 2989 adventum
1834 2937 1887 2988 in
1920 2935 2004 2987 his
2035 2935 2279 3003 partibus

386 3053 423 3094 a)
447 3054 587 3099 celeste
613 3055 657 3085 B.
758 3053 796 3093 b)
819 3052 1020 3085 antitodum
1045 3054 1077 3083 1.
1178 3052 1211 3091 c)
1243 3053 1629 3090 supramemoratorum
1654 3051 1697 3092 B,
1722 3059 1811 3082 corr.
1832 3051 1872 3081 T.
1968 3050 2004 3090 d)
2034 3049 2130 3081 nulli
2151 3049 2224 3081 nisi
2243 3050 2280 3081 ei

386 3096 543 3128 radendo
566 3099 655 3137 alqs.
681 3106 770 3128 corr.
798 3098 828 3128 1.
943 3095 977 3136 e)
1007 3094 1197 3126 stimulum
1214 3112 1255 3118 —-
1272 3094 1428 3125 minauit
1458 3095 1495 3125 ἱπ
1518 3096 1589 3125 loco
1611 3103 1692 3124 raso
1721 3094 1760 3125 Τ.
1876 3093 1908 3133 f)
1937 3093 2019 3125 fuer
2041 3102 2129 3124 corr.
2155 3091 2226 3124 fuit
2245 3093 2278 3124 1.

386 3141 524 3214 {alig}
539 3141 583 3172 B.
676 3140 715 3180 11)
740 3148 819 3172 eam
843 3141 887 3171 B.
975 3136 1003 3179 i)
1027 3139 1110 3179 Ipse
1129 3155 1166 3162 -·
1187 3138 1303 3169 sensit
1330 3138 1361 3168 Τ
1381 3138 1419 3168 in
1443 3139 1515 3168 loco
1537 3146 1657 3168 vacuo.
1749 3136 1787 3177 k)
1811 3136 1905 3168 deest
1927 3138 1959 3168 1.
2049 3134 2076 3175 l)
2100 3137 2245 3167 alterum
2266 3136 2279 3166 i

390 3269 431 3320 1)
466 3269 644 3312 Necrol.
680 3268 873 3311 Merseb.
1015 3266 1059 3318 2)
1107 3267 1411 3321 Kaufunyen.
1557 3266 1601 3319 3)
1648 3265 1830 3310 &iselae
1869 3265 2061 3309 Ernesti
2098 3264 2279 3317 viduae,

389 3327 521 3370 cuius
566 3332 709 3370 mater
740 3325 987 3380 Gerberya,
1032 3324 1251 3368 Konrccdz'
1293 3323 1673 3378 Buryundiorum
1723 3323 1846 3378 ‘reqis
1878 3323 1998 3377 filia,
2040 3325 2280 3365 matertera-

389 3384 603 3427 Hez'nricz'
622 3382 795 3437 fuerat.
934 3381 979 3434 4)
1026 3382 1224 3426 Ernesto
1248 3382 1317 3424 II.
1352 3380 1708 3433 (1015—1030).
1845 3381 1890 3428 5)
1936 3379 2113 3423 Nomen
2143 3378 2280 3421 huius

387 3441 488 3494 loci,
512 3442 554 3483 si
573 3441 707 3484 hodie
730 3445 942 3493 eaestaret,
967 3439 1097 3483 aliud
1120 3452 1216 3483 esse
1238 3452 1329 3482 non
1346 3444 1501 3493 posset
1523 3443 1655 3493 atque
1670 3435 1971 3487 Schlenzfur't3
1995 3434 2280 3492 quaerendus

389 3503 453 3540 est
491 3499 614 3540 locus
652 3499 701 3540 in
741 3498 928 3541 sinistra
958 3501 1095 3551 parte
1133 3496 1266 3540 Albis
1310 3496 1426 3539 inte-r
1464 3495 1606 3539 Riesa
1643 3499 1685 3539 et
1738 3493 2040 3548 Wittenberq:
2076 3492 2281 3547 fortasse

387 3554 502 3607 illic,
552 3554 632 3597 ubi
670 3555 800 3597 hodie
840 3552 931 3597 ‘die
971 3553 1260 3598 Furtmuhle'
1307 3553 1428 3597 iacet
1466 3553 1530 3596 ad
1565 3553 1713 3595 ‘rivum
1755 3551 1979 3607 quendam
2019 3551 2069 3593 in
2111 3549 2280 3593 chartis

386 3611 700 3666 yeoyraphicis
731 3611 1061 3666 antiquioribus
1093 3611 1222 3654 modo
1247 3609 1517 3654 Grenebach
1547 3609 1677 3652 modo
1701 3608 2029 3652 Schleussbach
2060 3611 2279 3658 vocatum,

387 3668 467 3721 qui
492 3681 631 3722 prope
662 3668 971 3711 Dovnmiteseh
1002 3668 1049 3710 in
1083 3668 1233 3711 Albim
1265 3667 1404 3720 cadit,
1435 3668 1552 3711 inter
1581 3667 1703 3710 vicos
1735 3666 1921 3709 Trossz‘n
1951 3669 1992 3708 et
2022 3664 2212 3710 Meltite.
