2456 4036
687 247 1021 292 THIETMARI
1050 249 1265 295 CHRON.
1324 251 1438 295 LIB.
1468 252 1534 295 IX
1565 252 1727 306 (VIII).
2052 255 2134 300 253

104 391 249 431 ,1881
273 373 597 441 tempnimur
634 379 700 438 et,
741 374 863 443 [sic]
903 381 962 426 ut
997 376 1148 428 nobis
1186 377 1360 430 nullus
1398 383 1493 430 aut
1530 378 1741 445 *regnet
1777 383 1872 430 aut
1907 379 2133 446 imperet

273 445 539 507 dominUS,
592 443 959 510 depredamur.
1044 446 1222 499 Novus
1274 454 1563 516 cornupeta
1613 450 1921 517 antiquam²
1965 450 2133 517 legem

272 515 572 582 bonamque
610 515 1041 567 consuetudinem
1077 517 1335 571 hactenus
1371 518 1648 572 florentem
1685 521 1791 572 iam
1836 520 2132 589 disrumpit,

275 604 435 655 seque
474 585 731 637 caeterisb
767 586 1039 638 elatiorem
1071 604 1199 651 esse,
1237 590 1472 642 valenter
1501 589 1750 651 ostendit3
1791 593 1881 659 qui
1911 593 2134 645 caelitus

273 659 330 710 ni
368 659 471 710 cito
518 655 858 724 deprimitur,
906 656 1091 708 nimis0
1134 659 1416 712 insolentia
1461 661 1812 714 intolerabilis
1858 662 2133 717 solidatur.

274 728 574 782 Daviticam
618 727 664 778 is
707 727 920 793 ignorat
967 730 1284 782 sententiam
1331 730 1552 782 eundem
1598 733 1673 784 sic
1717 732 1946 785 dulciter
1990 750 2133 786 amo-

274 804 507 852 nentem:
567 797 742 849 Nolite
779 798 1015 850 ewtollere
1054 799 1109 849 in
1148 800 1307 852 altum
1349 820 1506 853 cornu
1543 812 1758 855 vestrum
1790 810 1843 856 et
1872 805 2130 859 caeterad.

275 873 408 924 Orat
442 885 541 937 pro
577 868 776 920 talibus
813 868 951 920 idem
1001 870 1277 936 spalmista
1321 877 1555 924 sanctus:
1631 874 1850 942 Auferes
1893 875 2132 944 spiritum

273 960 465 1006 eorum,
511 940 756 1004 Domine,
804 948 850 991 et
885 939 1108 1006 defitient
1151 950 1196 992 et
1231 943 1288 992 in
1320 942 1575 1010 pulverem
1612 963 1755 996 suum
1798 954 2134 1010 revertentur;

272 1021 319 1065 et
354 1012 544 1064 emittes
587 1011 833 1080 spiritum
877 1019 1017 1061 tuum
1062 1020 1108 1062 et
1152 1017 1459 1065 creabuntur
1504 1020 1556 1065 et
1599 1014 1820 1083 reliqua.
1905 1015 2132 1068 Multum

271 1083 477 1150 indiget
513 1081 825 1147 memoriae,
871 1081 963 1149 qui
1001 1082 1302 1135 nullatenus
1340 1085 1609 1150 cognoscit
1646 1102 1723 1141 se,
1771 1103 1889 1138 cum
1928 1087 1995 1150 is,
2041 1087 2133 1154 qui

274 1172 330 1208 se
378 1154 573 1222 iugiter
623 1151 951 1215 considerat,
1005 1153 1118 1204 sine
1172 1153 1369 1205 famine
1420 1154 1556 1206 bono
1610 1155 1684 1207 nil
1730 1157 1919 1211 valeat.
1994 1158 2134 1225 Ergo

272 1231 580 1293 peccatores
603 1225 800 1292 quique
829 1223 1151 1291 resipiscant
1180 1230 1247 1287 et,
1279 1229 1341 1276 ut
1371 1242 1426 1277 se
1460 1226 1763 1279 custodiant
1789 1228 2133 1295 pauperibus-

277 1295 423 1367 [que]
464 1296 830 1359 misereantur,
871 1310 1150 1361 sumopere
1187 1295 1452 1349 studeant.

416 1369 499 1419 24.
565 1367 679 1436 Ego
730 1367 786 1418 in
833 1363 1057 1434 flagiciis
1106 1366 1264 1419 miser
1316 1373 1369 1419 et
1417 1368 1471 1418 in
1520 1367 1864 1420 facultatibus
1912 1385 2131 1435 pauper,

273 1439 516 1508 quamvis
546 1438 602 1490 in
632 1446 858 1505 utroque
889 1436 1127 1489 eiusdem
1158 1437 1359 1490 ordinis
1388 1439 1559 1490 virose
1589 1438 1870 1506 precellam
1903 1444 2131 1501 cunctOS,

273 1517 455 1563 tamen
503 1508 881 1562 contumeliam
929 1508 1172 1576 superius
1219 1514 1564 1561 memoratam
1614 1525 1719 1561 non
1767 1510 1908 1562 solus
1952 1511 2133 1578 pacior

242 1581 388 1635 'sine
442 1581 588 1633 illisf.
683 1581 762 1632 De
812 1579 1135 1647 coepiscopis
1183 1580 1240 1631 in
1288 1580 1497 1632 diversa
1545 1580 1702 1632 huius
1751 1580 1933 1633 mundi
1980 1587 2133 1649 parte

272 1653 609 1706 constitutisg
647 1650 1021 1718 ineffabileque
1059 1650 1435 1704 detrimentum
1479 1651 1742 1719 perpessis
1779 1652 1855 1703 nil
1893 1650 1962 1703 ad
2002 1652 2133 1704 haec

274 1724 599 1792 exemplaria
635 1722 942 1786 introducO,
982 1722 1109 1790 quia
1147 1722 1347 1790 absque
1385 1723 1527 1775 omni
1563 1722 1783 1785 honore,
1831 1723 1942 1776 sola
1978 1722 2133 1776 bene-

273 1795 512 1848 diccione
561 1800 802 1863 excepta,
860 1810 950 1846 eos
1001 1810 1116 1845 esse
1173 1795 1403 1861 graviter
1451 1794 1757 1860 ingemisco;
1818 1799 1871 1846 et
1918 1793 1983 1845 de
2034 1794 2133 1846 hiis

232 1866 556 1919 .dumtaxat
613 1865 888 1933 disputare
950 1863 1124 1935 [mihi]
1184 1883 1324 1917 nunc
1381 1870 1588 1933 tempus
1648 1870 1747 1927 est,
1815 1865 1908 1932 qui
1965 1864 2134 1931 *apud

272 1937 555 1991 modernos
579 1955 612 1991 a
635 1936 971 1990 concivibush
995 1935 1105 1988 suis
1129 1936 1355 1989 similem
1377 1936 1474 1999 vel,
1504 1953 1598 2004 pro
1623 1935 1787 1987 dolor!
1821 1935 2135 1988 deteriorem

273 2009 484 2063 subiere
521 2008 823 2061 vindictam.

417 2080 550 2151 (12.)
610 2078 990 2132 Bernwardusi
1044 2082 1259 2131 sanctae
1307 2077 1793 2130 Hillinessemensis
1848 2075 2136 2128 aecclesiae

273 2151 592 2205 venerabilis
627 2158 813 2220 pastor
849 2151 904 2202 in
940 2154 1150 2202 tantum
1188 2166 1221 2202 a
1258 2148 1505 2201 Brunone
1543 2164 1735 2200 exosus
1771 2153 1852 2200 est
1892 2148 2083 2199 comite
2101 2147 2134 2209 ¹,

275 2229 336 2276 ut
366 2224 590 2276 militem
621 2240 774 2275 suum
806 2221 961 2274 Rimk
988 2221 1200 2274 nomine
1238 2219 1440 2272 videret
1477 2220 1619 2271 crine
1665 2226 1716 2271 et
1759 2223 1905 2286 tergo
1951 2217 2136 2285 depra-

275 2299 453 2347 vatum
490 2299 716 2362 postque
759 2293 985 2346 eundem
1015 2309 1195 2345 secum
1225 2293 1508 2345 iterantem
1546 2290 1613 2342 ab
1643 2290 1923 2342 Altmanno
1953 2290 2137 2342 iuvene

273 2366 612 2420 interfectum
650 2367 840 2418 iacere.

418 2436 742 2506 Swithgerus
811 2441 987 2489 autem
1058 2435 1231 2486 almae
1297 2431 1785 2500 Mirmingerdensis
1849 2430 2135 2483 aecclesiae

275 2508 501 2561 antistes
556 2508 797 2576 egregius
853 2509 907 2560 in
955 2523 1052 2560 sua
1111 2511 1259 2558 curte
1307 2522 1340 2558 a
1388 2503 1639 2572 quodaml
1686 2504 1856 2556 tirone
1910 2502 2135 2568 ingenuo

276 2581 550 2648 appetitur
575 2585 628 2632 et
649 2580 856 2632 11111101ΠΙ
885 2579 1080 2631 suimet
1111 2594 1296 2629 cruore
1328 2592 1509 2628 coram
1541 2592 1596 2627 se
1627 2574 1790 2627 occisi
1818 2572 2133 2626 maculatur.

277 2651 418 2715 Quid
454 2651 590 2704 tales
625 2667 888 2719 personae
925 2666 1176 2718 umquam
1215 2646 1586 2715 promeruere?
1646 2644 1736 2696 Hii
1771 2650 1950 2712 patres
1979 2642 2134 2695 ambo

277 2723 354 2790 pii
390 2722 606 2776 fuerunt
643 2728 696 2775 et
731 2728 911 2775 tamen
947 2720 1178 2774 dedecus
1215 2719 1314 2771 hoc
1351 2717 1602 2770 immeriti
1637 2716 1983 2784 pertulerunt.

419 2795 505 2848 25.
568 2793 673 2847 Sed
710 2794 837 2862 quia
874 2794 929 2845 in
965 2790 1327 2861 superioribus
1374 2789 1438 2842 de
1485 2787 1763 2855 Suithgero
1806 2785 2017 2854 presule
2062 2784 2137 2836 nil

277 2881 409 2929 sum,
448 2865 504 2918 id
540 2871 689 2934 peste
726 2865 982 2933 letargica
1018 2862 1351 2930 impediente,
1389 2861 1610 2923 locutuS,
1648 2875 1788 2910 nunc
1824 2857 1923 2909 hoc
1962 2873 2136 2908 emen-

277 2935 406 2989 dare
444 2954 733 3005 congruum
779 2944 875 2989 est.
960 2934 1061 2986 Hic
1098 2933 1332 2986 Saxonia
1375 2933 1582 3000 genitus
1627 2935 1680 2981 et
1725 2930 1780 2980 in
1818 2925 2137 2980 Halverstidi

277 3025 341 3060 ac
378 3008 433 3060 in
467 3008 831 3076 Magadaburg
868 3025 901 3059 a
936 3022 1099 3075 puero
1138 3005 1409 3068 educatuS,
1449 3021 1481 3055 a
1518 3002 1680 3054 tercio
1713 2999 1905 3052 Ottone
1936 2997 2136 3050 civitati

275 3079 550 3147 predictae
578 3080 877 3149 prepositus
908 3082 1009 3142 est3
1049 3093 1208 3144 quam
1233 3092 1351 3127 cum
1376 3073 1518 3126 omni
1541 3071 1815 3139 diligentia
1837 3070 2135 3130 reexissetn,

278 3148 455 3203 divino
486 3167 705 3204 munere
742 3149 909 3203 fultus
946 3147 1140 3216 polluit
1168 3148 1224 3199 in
1254 3146 1475 3198 diversis
1503 3142 1802 3196 virtutibus.
1866 3141 1910 3192 E
1945 3137 2136 3208 quibus

278 3220 413 3274 duas
436 3226 647 3275 tantum
669 3239 755 3275 res
777 3220 1004 3290 profem,
1037 3235 1169 3288 quas
1192 3216 1509 3270 testimoniis
1538 3212 1811 3267 veracibus
1841 3211 2136 3280 approbare

277 3293 440 3346 valeO.

279 3392 315 3433 a)
349 3393 377 3424 ti
399 3392 484 3425 add.
505 3395 545 3426 Τ.
653 3393 692 3434 b)
732 3393 864 3438 ceteris
886 3393 920 3424 1.
1029 3388 1060 3431 0)
1099 3388 1222 3420 inimis
1246 3390 1276 3420 l.
1385 3385 1423 3424 d)
1458 3388 1577 3427 cetgra
1599 3387 1629 3418 1.
1735 3383 1770 3424 6)
1809 3383 1897 3414 uiris
1918 3381 2078 3429 DLcorr.
2097 3380 2135 3410 T.

261 3435 310 3475 -f)
332 3435 419 3467 illus
442 3438 474 3468 1.
563 3435 601 3477 g)
622 3436 799 3468 institutis
820 3434 866 3471 D,
889 3443 977 3465 corr.
997 3432 1038 3464 Τ.
1123 3431 1164 3472 11)
1187 3429 1375 3463 aeiucibus
1398 3431 1429 3460 1.
1516 3429 1544 3468 i)
1568 3437 1590 3458 n
1614 3435 1748 3458 erasum
1771 3427 1802 3457 1.
1889 3424 1928 3464 k)
1950 3433 1980 3454 n
2004 3422 2138 3472 alque

276 3481 446 3518 expuncto
466 3481 498 3511 T
516 3479 584 3510 rim
607 3479 862 3520 superscripsit.
970 3475 999 3515 1)
1033 3474 1185 3514 quadam
1209 3473 1256 3504 D.
1366 3472 1416 3510 m)
1454 3470 1593 3502 numici
1614 3469 1662 3501 D.
1772 3471 1810 3507 n)
1844 3476 1862 3499 0
1883 3476 1905 3498 a
1931 3468 1960 3498 Τ
1980 3465 2138 3497 adduam

272 3523 393 3561 postea
414 3531 547 3554 erasum
569 3524 616 3554 esc
638 3525 669 3554 1.

280 3593 323 3647 1)
356 3594 705 3649 Brunsviyensi,
728 3591 990 3644 amicietur,
1016 3603 1050 3633 e.
1083 3589 1194 3633 1006
1217 3593 1408 3638 ‘mortum
1443 3583 1501 3639 cf.
1531 3585 1677 3628 Vitam
1708 3581 1982 3627 Bemwardi
2012 3593 2045 3624 c.
2070 3579 2138 3623 34.

2159 821 2219 852 ΡΒ.
2237 822 2287 860 74,
2309 822 2345 854 6.

2157 893 2219 925 Ps.
2239 894 2310 934 103,
2332 892 2385 923 29.

2170 3086 2300 3141 (993).
