2456 4036
12 546 20 555 .
36 519 109 555 116¹

19 2173 28 2185 .
44 2152 119 2185 117.

654 233 989 278 THIETMARI
1020 232 1236 279 CHRON.
1294 233 1408 277 LIB.
1440 233 1516 277 VI.
1934 235 2016 281 159

145 360 533 414 dissimulanda
564 366 615 413 et
646 361 712 412 ob
744 361 1171 413 melioracionem
1204 365 1285 412 est
1315 359 1639 428 castiganda,
1664 390 1733 398 —
1756 365 2014 427 quantum
2046 372 2174 416 1009.

147 433 368 486 veritate
407 431 475 483 ad
513 430 611 483 hoc
652 449 733 482 me
770 431 1125 498 persuadente
1162 432 1498 483 vehementer
1534 431 1633 483 hoc
1678 447 1797 482 cum
1835 432 2016 484 multis

136 503 416 556 ammiror.
489 502 764 569 Propicius
802 501 911 554 *illi
950 503 1112 566 Deus,
1152 508 1225 567 ut,
1273 503 1317 554 si
1363 502 1495 554 haec
1539 501 1677 554 bona
1719 503 2016 554 intentione

147 574 337 638 faciat,
394 574 448 624 in
496 571 961 624 iustificationibus
1011 574 1110 625 Dei
1158 574 1271 626 sine
1323 573 1541 642 querela
1592 590 1804 624 cursum
1859 573 2016 626 huius

146 643 586 725 peregrinationis
634 642 861 697 incedat.
950 643 1003 695 Si
1051 648 1227 695 autem
1276 650 1485 697 tumore
1534 644 1784 697 elacionis
1838 645 2017 712 aliquo

146 717 317 783 magis
349 713 566 766 inflatus
597 723 789 781 quama
812 715 1009 766 amoris
1039 714 1223 766 fomite
1247 716 1542 783 spiritualis
1565 720 1716 767 tanta
1748 721 2014 782 operatur,

147 786 217 840 ad
275 785 678 853 vituperandam
749 785 920 836 solum
986 786 1309 865 presentium
1372 788 1822 839 conversationem
1896 804 2017 838 con-

145 862 386 910 vertatur
423 855 491 907 ab
522 855 896 923 iniquitatibus
938 857 1047 908 suis
1085 873 1147 907 ac
1185 871 1280 921 per
1310 857 1665 910 lucracionem
1697 858 2016 910 secularium

145 926 568 981 aedificationem
616 926 850 979 fidelium
898 932 1153 995 sequutus
1204 928 1504 979 animarum
1557 929 1702 980 nullo
1745 934 2019 996 prematur

147 999 466 1052 detrimento
506 998 602 1050 sui.
679 999 824 1050 Felix
862 1003 943 1050 est
980 1000 1033 1049 in
1066 997 1294 1062 Christe,
1334 1000 1425 1067 qui
1463 1004 1734 1051 aeternam
1770 1001 2017 1053 iusticiae

146 1071 293 1123 cultu
336 1069 643 1122 memoriam
688 1074 739 1121 et
784 1087 817 1121 a
861 1069 1001 1121 malo
1047 1086 1333 1137 suspensus
1386 1070 1572 1122 auditu
1619 1071 1853 1123 divinam
1896 1089 2018 1138 pro-

145 1145 380 1194 meretur
416 1140 484 1192 ad
524 1140 793 1192 dexteram
833 1141 1180 1193 vocationem.

286 1213 371 1266 42.
412 1210 546 1281 (29.)
611 1211 722 1263 Rex
768 1211 894 1264 dum
939 1211 1093 1274 haec,
1140 1228 1276 1278 quae
1322 1229 1463 1263 nunc
1507 1211 1662 1279 longe
1705 1229 2018 1280 progressus

146 1283 370 1347 aiebam,
402 1282 636 1347 discutit,
667 1282 735 1334 ad
764 1282 1121 1334 invadendam
1152 1282 1504 1350 episcopalem
1533 1283 1838 1335 cathedram
1870 1285 2017 1336 iussu

144 1355 284 1423 regis
309 1371 403 1421 ego
426 1353 791 1420 precedebam.
855 1354 1138 1422 Primoque
1169 1353 1237 1405 ad
1262 1358 1464 1406 curtem
1491 1370 1677 1417 meam,
1713 1354 2018 1407 Sclavonice

146 1425 411 1478 Malacinb
457 1424 668 1488 dictam,
717 1425 998 1478 Teutonice
1036 1429 1214 1476 autem
1253 1425 1561 1491 Egisvillam
1579 1425 1612 1488 1,
1651 1426 1768 1477 veni
1806 1431 1860 1477 01
1898 1427 2019 1478 sub—

147 1497 392 1564 sequenti
429 1496 547 1548 luce
583 1497 732 1548 iuxta
769 1496 1002 1549 Elstram
1050 1494 1268 1547 fiuvium
1316 1501 1367 1548 et
1404 1495 1533 1547 Iteri
1569 1495 1851 1564 oppidum2
1898 1515 2018 1549 cum

146 1568 450 1621 convocatis
487 1567 778 1620 aecclesiae.
828 1568 1040 1620 meimet
1084 1567 1326 1619 famulis0
1373 1567 1443 1619 ad
1481 1567 1861 1619 consolandum
1899 1585 2019 1636 pre-

147 1644 322 1692 sentes
375 1646 429 1691 et
480 1638 549 1691 ad
586 1638 883 1691 vocandum
934 1638 1184 1692 absentes
1235 1637 1509 1705 loquebar.
1597 1638 1828 1705 Fugerat
1879 1640 2019 1691 enim

145 1711 379 1762 maxima
406 1710 629 1762 horumd
659 1710 943 1762 multitudo
975 1709 1169 1763 suimet
1196 1710 1556 1762 inconstantia
1586 1715 1638 1762 et
1667 1711 2019 1763 antecessoris

145 1782 251 1834 mei
287 1780 598 1834 infirmitate
636 1781 924 1848 prevalida.
1010 1781 1141 1833 Inde
1186 1780 1257 1833 ad
1293 1780 1642 1847 Merseburhg
1679 1780 2018 1849 proficiscens

144 1870 241 1920 per
270 1853 486 1904 Ericum
524 1851 869 1917 antistitem3,
909 1870 941 1904 a
979 1852 1341 1906 confratribus
1377 1852 1548 1918 primo
1586 1851 1875 1905 honorifice
1906 1870 2019 1905 sus-

144 1929 345 1992 ceptus,
383 1923 796 1978 inthronizabar.
872 1924 998 1976 Dies
1037 1923 1303 1976 dominica
1341 1924 1572 1975 crastino
1607 1923 1799 1989 illuxit,
1840 1929 1892 1976 et
1922 1941 2017 1992 ego
2039 1941 2199 1973 1111122-

146 2001 423 2063 peccatore
470 1995 688 2047 missam
741 2000 960 2048 cantans
1016 1995 1243 2062 populos
1289 1994 1629 2047 advenientes
1674 1995 2020 2047 amonicionis

147 2067 387 2134 egentesf
434 2066 644 2118 institui
703 2072 757 2119 et
799 2072 1021 2134 peccata
1071 2065 1448 2118 confitentibus
1505 2066 1681 2118 divina
1732 2070 2017 2133 potestate,

146 2137 352 2190 *tamen
399 2136 709 2190 infirmitate
753 2155 872 2190 mea
925 2138 1131 2190 resolvi.
1218 2137 1279 2189 II.
1321 2137 1457 2190 feria
1492 2138 1862 2206 rogationumg
1901 2137 2014 2190 dies
2037 2155 2197 2187 Mai.23.
2255 2141 2279 2155 “’

144 2209 427 2289 incipiunt,
475 2214 527 2261 et
571 2207 694 2260 hinc
739 2208 808 2260 ad
855 2209 942 2262 Ma
944 2208 1254 2277 gadaburhg
1296 2209 1563 2276 peticione
1606 2209 2019 2262 archiantistitis

144 2280 251 2332 mei
278 2297 502 2349 pergens
539 2279 668 2334 IIII.
700 2279 837 2332 feria
880 2298 913 2332 a
950 2280 1320 2347 spiritualibus
1357 2280 1569 2332 meimet
1604 2280 1865 2333 fratribus
1910 2298 2016 2333 non
2038 2295 2198 2330 Man25.

143 2369 239 2420 pro
292 2351 552 2420 qualitate
602 2352 801 2416 meliti,
873 2356 954 2404 set
1009 2369 1105 2420 pro
1165 2352 1469 2420 quantitate
1535 2353 1735 2404 amoris
1793 2353 2019 2404 inmensi

145 2422 493 2491 succipiebar.
571 2422 910 2475 Ascensionis
946 2423 1188 2476 inclitum
1227 2428 1280 2475 et
1315 2423 1492 2491 regale
1530 2424 1828 2475 misterium
1874 2440 2201 2476 com-Ma1.26-

143 2494 291 2546 muni
329 2494 605 2547 devotione
641 2511 737 2562 pro
775 2500 963 2546 nostra
998 2494 1355 2562 possibilitate
1391 2496 1704 2563 peregimus

285 2566 370 2620 43.
409 2566 542 2634 (30.)
603 2565 731 2617 Inde
769 2566 836 2618 ad
873 2565 1195 2635 Wallibizi4‚
1249 2566 1343 2618 ubi
1380 2571 1507 2618 tunc
1543 2566 1846 2635 prepositus
1893 2582 2017 2618 con-

143 2636 337 2689 fratres
377 2637 487 2690 Deo
525 2653 835 2705 semperque
865 2637 1057 2700 virgini
1093 2637 1298 2689 Mariae
1347 2637 1546 2689 ibidem
1593 2638 1881 2690 servientes
1914 2636 2017 2688 VII

145 2725 314 2761 annos
360 2725 423 2760 ac
467 2713 578 2761 tres
625 2707 985 2761 ebdomadash
1031 2713 1085 2761 01
1127 2713 1239 2762 tres
1285 2708 1398 2761 dies
1442 2709 1578 2772 rexi,
1628 2714 1839 2761 tantum
1885 2725 2017 2760 onus

145 2779 453 2844 simoniacO,
491 2796 587 2847 pro
626 2778 799 2831 dolor!
853 2779 1065 2833 subiens
1104 2781 1359 2849 exemp10,
1404 2797 1509 2833 non
1546 2781 1602 2832 in
1637 2781 1879 2847 pecunia,
1925 2779 2017 2831 sed

143 2851 199 2903 in
243 2850 428 2919 predio
472 2856 664 2919 patruo
715 2851 930 2903 meimet
973 2851 1114 2906 dato,
1210 2852 1272 2903 In
1316 2850 1415 2903 hoc
1466 2852 1688 2904 multum
1736 2850 2017 2918 culpabilis

146 2939 302 2989 spero
342 2921 574 2975 districti
611 2921 804 2974 iudicis
840 2922 1063 2985 veniam,
1112 2923 1240 2991 quia
1278 2922 1344 2975 ob
1382 2922 1767 2975 defendendum
1808 2939 2017 2990 gregem

145 2992 468 3045 dominicum
507 2998 559 3046 et
595 2994 844 3046 instituta
879 2999 1160 3062 parentum
1198 2993 1527 3047 observanda
1564 2994 1731 3047 multo
1762 2994 1930 3060 magis
1961 2992 2016 3044 id

145 3064 242 3132 egi.
335 3065 471 3132 Ergo
522 3070 574 3117 te
619 3065 867 3118 lectorem
912 3082 1007 3133 per
1046 3066 1216 3118 Deum
1261 3070 1451 3128 testor,
1506 3072 1565 3118 ut
1607 3070 1812 3117 textum
1857 3065 2020 3116 huius

142 3136 469 3189 narrationis
514 3137 769 3204 inspicias
815 3142 867 3188 et
909 3153 1006 3205 pro
1052 3137 1311 3205 qualitate
1354 3137 1532 3189 meriti
1577 3136 1848 3189 discernas
1893 3152 2016 3188 exa-

143 3206 526 3276 minatorisque
549 3208 754 3261 venturi
777 3207 1050 3260 horridam
1075 3208 1266 3261 faciem
1289 3207 1608 3261 lacrimabili
1632 3207 2019 3276 supplicatione

143 3294 479 3345 preoccupes,

145 3389 182 3432 a)
203 3400 311 3430 quam
335 3396 371 3423 et
390 3393 433 3424 Β.
520 3390 559 3432 b)
581 3393 741 3425 malauin
763 3394 808 3425 Β.
897 3392 930 3435 c)
954 3394 1113 3426 famulus
1138 3403 1241 3427 corr„
1264 3393 1398 3425 familis
1421 3394 1453 3424 1.
1551 3391 1586 3434 d)
1609 3392 1738 3425 harum
1761 3396 1792 3424 1.
1878 3390 1914 3432 0)
1936 3399 2021 3430 pec·

144 3437 304 3466 catorum
327 3435 372 3466 B.
459 3434 490 3478 s)
511 3443 622 3475 egens
645 3436 676 3468 1.
764 3435 802 3477 g)
825 3437 1074 3476 rogantionum
1097 3438 1129 3469 1.
1218 3435 1259 3477 h)
1280 3436 1450 3467 ebdomas
1474 3437 1507 3466 1.

145 3518 188 3573 1)
220 3519 420 3573 Eisdorf
443 3521 492 3565 in
520 3521 810 3576 praefectura
839 3525 1028 3567 Limen.
1086 3524 1144 3567 L.
1274 3522 1318 3575 2)
1360 3522 1553 3577 Eythra.
1683 3520 1727 3574 3)
1769 3520 2022 3565 Havelber·

141 3590 332 3632 qensem.
447 3578 492 3631 5)
538 3578 755 3624 Walbeck.
