2456 4036
355 233 439 276 236
763 228 1100 273 THIETMARI
1131 226 1348 272 CHRON.
1408 227 1521 271 LIB.
1553 228 1666 271 VIII
1697 229 1834 282 (VII).

357 357 633 425 modisque
684 356 740 408 id
791 355 1075 422 prohibere
1127 354 1263 406 clam
1317 354 1622 420 temptavit3
1677 355 1828 422 quia,
1867 355 2007 407 sicut
2043 354 2231 408 beatus

356 429 551 481 asserit
588 427 889 495 GregoriuS,
929 435 1133 478 terrena
1170 425 1394 476 altitudo
1432 425 1790 494 confunditur,
1835 445 1948 478 cum
1991 426 2235 479 celsitudo

357 500 586 552 caelestis
623 500 875 568 apem'tur.
950 497 1063 548 Rex
1102 497 1296 548 etenim
1335 501 1539 559 noster,
1586 497 1826 563 quamvis
1871 496 2029 551 homo
2077 506 2233 562 esset,

358 571 528 623 zelum
574 571 673 621 Dei
718 568 909 620 habuit
955 573 1008 619 et
1052 573 1363 620 sanctarum
1411 567 1672 620 violentas
1720 568 2072 636 predaciones
2117 586 2234 622 aec-

357 642 639 694 clesiarum
702 640 858 691 fortis
919 643 1158 691 armatus
1206 638 1509 692 vendicavit
1563 640 1805 707 hancque
1854 639 2234 708 benignitatem

358 714 459 764 nisi
505 712 729 764 caelitus
776 708 919 781 [sibi]
967 709 1296 778 *prestitam,
1342 729 1447 764 non
1492 709 1700 775 habuit3
1746 710 1846 763 iste
1892 715 2136 764 terrenus
2182 716 2235 765 et

360 790 552 835 natura
598 789 649 834 et
697 781 910 834 actibus
946 782 1195 850 voragine
1233 782 1511 836 cenulenta
1548 783 1714 834 traxit
1743 783 1797 834 in
1829 781 2064 850 predam,
2097 782 2239 851 quod

356 855 642 906 multorum
682 853 877 906 devota
914 871 1105 906 manus
1144 853 1214 905 ad
1259 871 1409 907 aram
1455 854 1818 922 apostolorum
1862 871 1957 922 pro
2002 855 2236 923 peccatis

356 926 650 992 congessita
703 926 755 976 in
810 925 1056 978 hostiam.
1148 926 1251 989 Qui
1303 943 1423 978 cum
1483 943 1588 978 non
1649 925 1807 993 longe
1866 930 1987 994 post
2047 925 2234 992 obiret,

356 997 558 1064 duplici
609 996 842 1061 ulcione,
896 1003 956 1049 ut
1014 1013 1214 1060 vereor,
1277 997 1641 1062 confunditur3
1705 1002 1757 1049 et
1815 995 2007 1049 domno
2066 1014 2237 1066 papae

356 1069 617 1122 securitas
657 1069 878 1136 regique
917 1074 1096 1121 nostro
1136 1068 1366 1137 amplior
1403 1076 1644 1136 potestas
1681 1070 1938 1136 aperitur.

499 1142 583 1195 72.
625 1140 758 1210 (52.)
811 1140 1051 1208 Amplius
1097 1140 1415 1208 progrediar
1460 1140 1785 1209 disputando
1835 1139 2082 1208 regisque
2132 1140 2238 1193 Ru-

357 1229 567 1264 scorum
611 1211 1013 1264 Wlodemirib·1
1053 1212 1323 1265 accionem
1361 1213 1599 1280 iniquam
1638 1212 2062 1279 perstringenda
2138 1211 2238 1264 Hic

356 1302 388 1335 a
429 1282 622 1336 Grecia
660 1283 859 1336 ducens
897 1300 1140 1348 uxorem,
1188 1283 1447 1336 Helenam
1489 1282 1764 1356 [nomine],
1811 1284 2009 1336 terci00
2055 1282 2239 1336 Ottoni

356 1355 759 1424 desponsatam,
827 1355 919 1408 sed
979 1357 1027 1408 ei
1086 1355 1430 1408 fraudulenta
1490 1355 1784 1408 calliditate
1856 1355 2185 1408 subtractam
2198 1354 2237 1417 2,

358 1427 773 1480 christianitatis
803 1431 1023 1480 sanctae
1053 1426 1212 1480 fidem
1245 1428 1360 1480 eius
1392 1433 1572 1480 ortatu
1604 1427 1854 1495 suscepit,
1895 1443 2054 1495 quam
2084 1428 2239 1480 iustis

356 1498 604 1565 operibus
657 1516 763 1552 non
815 1500 1038 1553 ornavit.
1128 1499 1263 1552 Erat
1315 1500 1457 1551 enim
1504 1499 1799 1552 fornicator
1846 1499 2139 1562 immensus
2188 1505 2240 1551 et

358 1570 588 1623 crudelis
627 1588 980 1638 magnamque
1027 1571 1130 1623 vim
1170 1571 1375 1623 Danais
1413 1571 1662 1624 mollibus
1700 1571 1935 1638 ingessit.
1998 1570 2100 1623 Hic
2130 1576 2239 1624 tres

357 1642 559 1695 habens
614 1641 792 1695 filios3
846 1643 938 1695 uni
983 1642 1202 1695 eorum4
1248 1642 1501 1695 Bolizlavi
1547 1643 1697 1696 ducis
1743 1643 2019 1710 nostrique
2064 1659 2238 1710 perse-

357 1715 555 1767 cutoris
592 1713 758 1766 filiam
798 1715 852 1766 in
890 1715 1292 1767 matrimonium
1331 1713 1503 1777 duxit,
1555 1732 1674 1767 cum
1713 1731 1820 1782 qua
1856 1715 2051 1768 missus
2090 1720 2172 1767 est
2207 1732 2240 1768 a

359 1786 572 1839 Polenis
618 1785 954 1839 Reinbernus
1011 1787 1191 1854 presul
1241 1786 1425 1839 Salsae
1472 1785 1951 1854 Cholbergiensis5.
2038 1786 2133 1838 Ille
2184 1786 2239 1838 in

357 1876 494 1926 pago
533 1858 815 1926 Hassegun
853 1857 997 1910 dicto
1029 1863 1188 1912 natus
1217 1857 1535 1926 liberalique
1567 1859 1791 1911 scientia
1823 1876 1855 1910 a
1884 1855 2239 1927 prudentibus

360 1931 631 1998 magistris
677 1931 935 1983 educatus
989 1930 1214 1998 gradum
1259 1931 1612 1999 episcopalem
1659 1929 1916 1992 ascendit,
1962 1934 2022 1982 ut
2067 1945 2239 1998 sper0,

356 2002 564 2070 dignus
642 2001 910 2065 Quantum
950 2007 1131 2054 autem
1169 2003 1225 2054 in
1264 2020 1393 2055 cura
1439 2002 1542 2054 sibi
1587 2002 1872 2055 commissa
1914 2000 2241 2054 laboraverit

356 2073 512 2137 idem,
551 2090 658 2126 non
698 2091 846 2126 meae
886 2072 1085 2127 sufficit
1123 2074 1386 2127 scienciae
1426 2092 1521 2126 nec
1555 2075 1714 2127 etiam
1747 2072 2046 2128 facundiae.
2094 2073 2239 2126 Fana

358 2145 619 2199 idolorum
666 2145 945 2198 destruens
991 2146 1229 2198 incendit
1274 2151 1327 2199 et
1370 2163 1515 2198 mare
1561 2145 1874 2199 demonibus
1913 2145 2115 2197 cultum
2160 2145 2240 2197 in-

359 2218 534 2270 missis
583 2222 813 2285 quatuor
860 2216 1129 2285 lapidibus
1175 2235 1328 2271 sacro
1374 2218 1626 2270 crismate
1678 2217 1951 2284 perunctis
1997 2222 2049 2269 et
2097 2234 2239 2285 aqua

359 2306 591 2358 purgans
642 2288 921 2342 benedicta
966 2307 1157 2342 novam
1197 2289 1454 2342 *Domino
1500 2289 1849 2358 omnipotenti
1892 2288 2237 2357 propaginem

358 2364 411 2412 in
435 2361 805 2414 infructuosad
828 2361 1036 2424 arbore,
1069 2361 1126 2414 id
1156 2367 1237 2414 est
1266 2362 1322 2413 in
1352 2361 1550 2430 populo
1582 2361 1738 2414 nimis
1769 2361 1989 2421 insuls0,
2022 2366 2241 2413 sanctae

356 2432 746 2502 predicacionis
778 2433 1170 2500 plantacionem
1197 2433 1396 2486 eduxit.
1462 2433 1778 2501 Vigiliarum
1803 2441 1856 2485 et
1878 2430 2240 2485 abstinenciae

357 2523 420 2557 ac
452 2505 659 2558 silencii
682 2504 1000 2558 assiduitate
1025 2522 1219 2573 corpus
1245 2523 1399 2558 suum
1431 2503 1674 2573 affligens
1707 2514 1827 2557 core
1858 2503 1928 2556 ad
1964 2503 2239 2572 speculum

358 2577 568 2629 divinae
598 2576 1071 2646 contemplacionis
1102 2576 1290 2630 infixit.
1362 2578 1529 2641 Quem
1567 2576 1841 2645 predictus
1875 2593 1984 2640 reX,
2018 2574 2239 2628 audiens

357 2647 522 2701 filium
561 2649 755 2701 suimet
791 2654 971 2701 ortatu
1001 2649 1256 2702 Bolizlavi
1294 2650 1462 2702 tacito
1493 2648 1907 2701 reluctaturumf
1941 2646 2061 2709 sibi,
2100 2646 2241 2715 cepit

358 2739 476 2773 cum
503 2721 687 2774 eodem
726 2727 779 2772 et
809 2738 978 2773 uxore
1017 2727 1069 2773 et
1110 2722 1165 2773 in
1196 2721 1458 2788 singulari
1489 2720 1732 2773 custodia
1763 2719 1982 2773 claudit.
2038 2718 2099 2771 In
2133 2736 2239 2787 qua

356 2797 509 2860 pater
544 2791 885 2856 venerabiliS,
925 2792 1066 2860 quod
1105 2794 1158 2845 in
1198 2797 1382 2862 aperto
1421 2791 1535 2845 fieri
1574 2809 1681 2845 non
1710 2791 1902 2861 potuit,
1943 2791 1995 2842 in
2029 2795 2238 2843 secreto

356 2930 391 2967 a)
430 2930 611 2962 concessit
633 2931 665 2969 2,
688 2929 729 2961 A.
749 2930 786 2961 S.
898 2928 936 2964 b)
974 2933 1184 2961 sanctorum
1208 2929 1448 2968 uidlodemiri,
1471 2931 1508 2960 ut
1531 2929 1676 2967 videtur,
1700 2929 1756 2966 D,·
1798 2937 1884 2959 corr.
1913 2929 1954 2959 T.
2053 2926 2088 2965 c)
2126 2926 2239 2958 tercia

355 2978 514 3005 ottonem
539 2974 583 3006 D.
673 2973 708 3013 d)
731 2972 888 3005 influosa
913 2972 956 3011 D,
978 2982 1066 3004 corr.
1092 2974 1132 3005 T.
1223 2973 1255 3013 e)
1279 2982 1296 3004 r
1318 2973 1404 3005 aad.
1425 2974 1463 3004 T.
1551 2971 1581 3013 f)
1602 2976 1645 3004 tu
1668 2971 1754 3003 add.
1775 2972 1815 3003 T.

359 3085 399 3130 1)
441 3082 713 3126 Wlademv'm‘
731 3083 787 3133 L,
818 3082 899 3138 qui
919 3096 961 3124 a.
985 3081 1242 3125 980—1015
1264 3087 1554 3137 refflzaverat5
1587 3081 1641 3124 de
1662 3094 1749 3136 quo
1779 3080 1837 3133 cf.
1863 3077 2031 3132 Strahl,
2062 3076 2236 3121 ‘Gescla

356 3139 398 3183 d.
424 3153 542 3183 mess.
567 3139 739 3184 Staats’
770 3140 813 3193 I,
846 3139 1086 3183 105-117.
1216 3139 1260 3190 2)
1309 3140 1415 3183 Huc
1439 3139 1669 3193 pertinere
1707 3152 1774 3187 ea,
1812 3149 1927 3193 quae
1957 3137 2078 3179 An-n.
2110 3135 2237 3178 Hild.

356 3212 398 3241 a.
416 3199 500 3241 995
525 3198 578 3240 de
603 3198 820 3252 leyatione
841 3197 961 3251 reyis
978 3196 1407 3251 Constantinopolim
1432 3197 1495 3240 ad
1515 3208 1727 3250 sponsam
1751 3195 1819 3238 illa·
1833 3193 2075 3249 petendam
2098 3193 2235 3236 missa

356 3255 557 3307 tradunt,
597 3255 791 3299 Ursinus
814 3254 936 3305 vidit,
971 3254 1050 3310 qui
1080 3251 1339 3299 Wladimiri
1360 3267 1542 3297 umorem
1562 3251 1717 3306 fuisse
1739 3253 1924 3295 Annam
1947 3250 2146 3294 Romani
2166 3250 2236 3293 II.

356 3313 644 3366 imperatoris
666 3312 816 3367 filiam
842 3317 975 3366 atque
996 3312 1132 3355 multo
1163 3316 1267 3355 ante
1291 3326 1334 3355 a.
1357 3312 1442 3355 995
1471 3311 1539 3354 illi
1557 3314 1747 3364 nze-ptam
1769 3310 1886 3352 idem
1916 3313 2032 3352 recte
2054 3308 2237 3351 monuit.

356 3369 400 3421 3)
433 3371 560 3413 Inter
583 3372 745 3413 multos
779 3369 1052 3412 Wlademiri
1071 3369 1189 3421 filios
1211 3369 1294 3412 hoc
1318 3370 1413 3412 loco
1437 3368 1531 3412 diez·
1550 3368 1758 3411 videntur
1780 3366 2062 3418 Iaroslavus,
2085 3365 2235 3429 Bonis,

357 3427 686 3482 Saentopulcus
736 3426 818 3481 (ef.
863 3426 1019 3471 Strahl
1069 3427 1095 3470 Z.
1136 3440 1170 3470 c.
1215 3427 1258 3480 Ι,
1314 3427 1438 3478 151)‚·
1504 3425 1832 3479 Suentopulcus
1876 3427 2026 3466 autem
2068 3426 2237 3465 rectzus

357 3485 603 3538 Iaropulci,
643 3484 830 3528 maioris
880 3483 1148 3530 Wlademz'ri
1179 3482 1367 3537 fratris,
1397 3483 1527 3538 filius
1566 3482 1660 3526 clici
1695 3482 1842 3535 debet,
1881 3481 2013 3525 cuius
2049 3479 2235 3523 viduam

355 3547 679 3595 praeynantem
726 3542 1027 3586 Wlademirus
1055 3542 1105 3584 in
1137 3541 1471 3585 matrimonium
1503 3540 1712 3583 duxerat.
1829 3538 1873 3588 4)
1906 3537 2234 3591 Suentopnlco,·

357 3597 413 3652 ef.
439 3612 580 3652 supra
606 3613 639 3643 c.
666 3599 733 3647 65,
758 3600 847 3650 IX,
872 3599 1056 3643 31—33.
1173 3598 1216 3652 5)
1251 3599 1385 3642 Anno
1404 3597 1601 3642 loco-ibi
1623 3597 1887 3641 constitutus
1901 3611 1915 3649 ;
1946 3594 2003 3650 cf.
2022 3595 2148 3645 IIII,
2165 3593 2234 3638 45.

2262 729 2277 746 *
2295 730 2365 770 fol.
2381 730 2413 778 ¹5⁷¹

2264 2302 2280 2319 *
2299 2303 2367 2343 fol.
2386 2302 2427 2335 1'1
