2456 4036
376 266 461 310 152
891 263 1228 309 THIETMARI
1258 261 1474 307 CHRON.
1533 263 1647 307 LIB.
1681 264 1757 309 VI.

218 401 332 446 1007
518 394 603 447 31.
685 390 1107 445 Consedentibus
1165 389 1364 442 ibidem
1423 389 1608 442 ordine
1666 390 2080 461 archiepiscopis
2134 411 2251 447 cum

174 471 287 515 (nov.
305 477 351 520 1).
376 465 624 516 omnibus
684 463 877 515 suimet
937 461 1320 528 suffraganeisa
1374 478 1468 512 rex
1522 460 1843 514 humotenus
1897 465 2253 531 prosternitur

375 539 429 587 et
465 552 498 586 a
535 534 797 600 Willigiso
835 532 1098 595 antistite,
1146 532 1201 583 in
1248 532 1399 584 cuius
1444 531 1642 584 diocesi
1687 532 1902 585 sinodus
1939 534 2251 602 habebatur,
2452 537 2456 599 1

374 605 608 658 elevatus
660 603 893 655 *cunctis
944 602 1285 670 presentibus
1339 602 1473 655 talia
1522 603 1734 657 fatur*:
1807 604 1904 656 ‘Ob
1949 623 2295 675 recompen-*
2309 629 2378 669 soz.
2394 607 2456 667 ml

374 677 639 728 sationem
687 674 925 726 futuram
971 673 1244 726 Christum
1291 673 1541 727 heredem
1591 675 1746 743 elegi,
1797 676 1925 743 quia
1970 679 2022 729 in
2072 679 2253 731 sobole

373 745 700 813 acquirenda
751 745 899 796 nulla
951 762 1071 812 spes
1124 752 1365 798 remanet
1416 745 1567 808 mihi3
1624 751 1692 811 et,
1753 747 1892 815 quod
1941 750 2254 816 precipuum

372 817 560 877 habui,
615 833 698 868 me
743 817 918 884 ipsum
963 834 1083 868 cum
1128 817 1287 868 modo
1337 818 1613 885 acquisitis
1667 834 1759 870 seu
1804 818 2146 886 adquirendis
2199 822 2254 873 in

372 886 688 940 sacrifitium
729 887 877 939 Patri
921 888 1157 955 ingenito
1202 888 1310 940 iam
1350 888 1552 941 dudum
1591 897 1796 941 secreto
1838 891 2030 944 mentis
2067 892 2253 960 optuli.

371 959 756 1027 Episcopatum
816 958 871 1010 in
930 958 1304 1027 Bavanbergeb
1370 978 1490 1012 cum
1547 960 1773 1013 licencia
1831 963 2120 1015 antistitis
2151 964 2254 1016 11161
2448 971 2456 1029 j

370 1029 548 1082 facere
586 1028 847 1082 hactenus
886 1031 1163 1099 concupivi
1202 1036 1254 1083 et
1282 1030 1440 1084 hodie
1469 1032 1669 1084 iustum
1712 1033 1810 1085 hoc
1848 1033 2103 1099 perficere
2133 1035 2252 1087 volo
2419 1036 2421 1038 ’

372 1100 712 1155 desiderium.
787 1100 867 1154 Ob
905 1101 1006 1154 hoc
1045 1103 1437 1155 serenissimam
1466 1105 1742 1157 vestrimet
1774 1105 2054 1173 interpello
2084 1106 2252 1173 pieta-

369 1177 501 1234 tem,
549 1190 614 1224 ne
661 1172 911 1225 absencia
957 1174 1092 1238 eius,
1140 1175 1232 1242 qui
1277 1175 1419 1243 apud
1465 1192 1549 1227 me
1587 1176 1753 1228 voluit
1797 1175 2058 1242 obtinere,
2110 1177 2254 1245 quod

369 1244 502 1296 mihi
539 1261 646 1296 non
686 1245 839 1296 licuit
882 1244 1006 1297 huic
1052 1245 1354 1310 concedere,
1402 1247 1734 1315 propositum
1774 1248 2060 1301 voluntatis
2105 1266 2253 1302 meae

370 1321 533 1384 queat
575 1316 854 1382 impedire,
901 1333 1020 1368 cum
1066 1317 1120 1368 in
1165 1317 1357 1370 baculo
1405 1318 1519 1371 eius
1566 1324 1784 1371 mutuae
1828 1319 2253 1374 confirmacionis

369 1387 518 1455 signo
564 1387 842 1451 clarescat,
889 1387 1030 1440 hunc
1075 1405 1181 1440 11011
1224 1394 1445 1458 propter
1490 1390 1678 1454 Deum,
1726 1391 1819 1443 sed
1864 1390 1929 1443 ob
1974 1392 2253 1458 dignitatis

367 1459 671 1511 nullatenus
730 1458 1107 1527 adipiscendae
1166 1460 1403 1514 dolorem
1455 1461 1671 1529 fugisse.
1760 1463 1970 1515 Moveat
2019 1464 2253 1516 omnium

370 1530 531 1583 corda
560 1531 906 1599 presentium,
946 1532 1087 1599 quod
1122 1550 1218 1600 per
1249 1532 1595 1585 ambitionem
1637 1550 1789 1585 suam
1820 1539 2038 1587 sanctae
2069 1536 2254 1588 matris

369 1602 659 1654 aecclesiae
722 1610 1066 1669 augmentum
1127 1603 1370 1656 anullare
1441 1622 1560 1657 cum
1619 1605 1928 1673 nuigerula⁰
1986 1607 2253 1674 legatione

366 1674 643 1741 presumit.
727 1674 810 1726 Ad
856 1674 989 1727 haec
1034 1673 1261 1728 firmiter
1313 1677 1687 1729 constituenda
1740 1678 2052 1730 contectalis
2103 1696 2252 1732 meae

365 1745 631 1814 presentis
671 1749 725 1797 et
760 1746 906 1798 unici
943 1745 1127 1799 fratris
1178 1756 1229 1799 et
1268 1747 1539 1800 coheredis
1578 1747 1718 1800 111611
1756 1748 1906 1817 larga
1950 1749 2253 1818 benignitas

367 1818 624 1884 asspirat,
671 1822 724 1869 et
769 1816 871 1869 sibi
914 1818 1151 1886 placita.d
1187 1817 1572 1888 adimplecione
1611 1819 1715 1872 hiis
1753 1838 1837 1873 me
1876 1820 2062 1873 eadem
2098 1822 2253 1875 resti-

366 1893 519 1941 tuere
563 1893 789 1957 uterque
825 1906 924 1956 pro
971 1896 1116 1942 certo
1156 1891 1306 1946 sciat.
1406 1892 1462 1944 Si
1500 1892 1714 1960 quando
1753 1896 1931 1944 autem
1971 1894 2252 1961 episcopus

366 1961 546 2013 venire
585 1966 639 2013 et
673 1962 939 2028 promissa
977 1961 1230 2029 dignatur
1263 1963 1550 2031 suscipere,
1588 1968 1835 2032 paratum
1867 1982 1950 2016 1116
1983 1964 2051 2016 ad
2083 1982 2250 2030 omne,

367 2032 506 2100 quod
545 2032 696 2084 vobis
734 2031 928 2084 bonum
967 2033 1190 2098 videtur,
1230 2035 1416 2101 procul
1455 2033 1618 2088 dubio
1656 2036 1921 2089 inveniet.'

509 2105 593 2158 32.
625 2104 818 2156 Finitis
846 2103 1046 2157 talibus
1070 2105 1335 2173 alloquiiS,
1361 2106 1682 2174 Beringerus
1707 2108 1964 2160 antistitis
1983 2107 2252 2160 *Heinrici
2275 2124 2292 2143 *
2308 2126 2377 2166 soz.
2396 2126 2436 2170 11

364 2175 673 2242 capellanus
718 2177 972 2241 surrexit,
1035 2182 1254 2245 propter
1304 2178 1548 2230 timorem
1602 2179 1741 2246 regis
1787 2180 2048 2231 seniorem
2095 2197 2251 2231 suum
2423 2185 2425 2187 ’

363 2245 470 2298 11110
507 2264 612 2299 11011
652 2248 858 2299 venisse
904 2253 956 2300 et
993 2247 1371 2301 detrimentum
1419 2250 1712 2303 aecclesiae
1751 2250 1854 2303 sibi
1890 2268 1923 2303 a
1955 2251 2070 2303 Deo
2109 2267 2251 2304 com-

363 2318 560 2371 missae
582 2319 638 2370 in
663 2319 844 2387 aliquo
869 2318 987 2372 fieri
1009 2338 1299 2388 numquam
1331 2320 1580 2374 laudasse
1610 2327 1883 2386 testatuse‚
1921 2328 1974 2375 et
2003 2321 2249 2375 obsecrat

363 2395 582 2443 cunctos
620 2395 896 2457 presentes
934 2409 1029 2459 per
1069 2391 1269 2444 Christi
1307 2410 1560 2456 amorem,
1603 2411 1668 2446 ne
1705 2394 1838 2446 talia
1875 2393 1992 2446 fieri
2029 2393 2248 2447 absente

363 2478 424 2514 eo
463 2461 706 2514 futurum
746 2462 850 2514 sibi
880 2463 934 2514 in
967 2464 1267 2530 exemplum
1297 2469 1622 2532 paterentur.
1695 2465 1980 2533 Privilegia
2009 2465 2248 2518 eiusdem

361 2531 438 2585 ibi
487 2533 599 2586 alta
647 2551 772 2586 voce
828 2535 1143 2589 recitantur.
1230 2535 1380 2588 Inter
1428 2537 1564 2589 haec
1612 2538 1855 2605 quociesf
1894 2555 1988 2589 rex
2032 2538 2247 2590 anxiam

360 2603 598 2657 iudicum
675 2606 991 2658 sententiam
1068 2613 1259 2660 nutare
1330 2608 1626 2676 prospexit,
1715 2609 1872 2661 toties
1944 2614 2246 2677 prostratus

359 2675 692 2732 humiliatur.
768 2677 1006 2729 Tandem
1045 2678 1473 2732 archiantistite&
1517 2680 1795 2747 willigiso,
1842 2681 2002 2749 quidh
2041 2680 2105 2733 de
2142 2680 2247 2734 hiis

359 2746 665 2801 faciendum
690 2747 841 2813 foret,
870 2749 1067 2802 iudicio
1090 2752 1453 2818 perscrutanti
1483 2751 1685 2820 Tagino
1718 2753 1924 2820 primus
1955 2752 2245 2821 respondit,

360 2819 494 2873 haec
552 2821 700 2873 tunci
750 2820 1040 2873 secundum
1094 2823 1236 2890 regis
1291 2822 1558 2891 eloquium
1611 2823 1858 2891 legaliter
1906 2823 2023 2876 fieri
2073 2841 2243 2892 posse.

360 2891 581 2945 Cunctis
640 2893 980 2959 presentibus
1040 2893 1154 2946 eius
1215 2911 1509 2947 sermonem
1566 2900 1694 2947 tunc
1746 2895 2139 2948 affirmantibus
2192 2901 2245 2948 et

454 3020 502 3076 =1=)
535 3020 642 3066 cod.
674 3023 700 3065 2
740 3027 782 3066 et
820 3023 880 3066 A.
910 3022 958 3066 S.
995 3023 1079 3066 hoc
1107 3024 1340 3067 exordium
1378 3025 1576 3069 sermoni
1605 3026 1931 3080 praemittunt:
1979 3025 2160 3069 Domini
2197 3028 2244 3069 et

529 3081 679 3133 patres
719 3079 915 3135 gloriosi,
956 3093 982 3123 a
1019 3093 1119 3124 mea
1155 3081 1379 3135 parvitate
1417 3081 1502 3125 huc
1534 3082 1664 3126 asciti
1694 3081 1824 3126 hodie
1856 3083 2143 3139 convenistis3
2183 3085 2241 3135 et,

531 3135 817 3192 quamobrem
846 3150 921 3181 vos
953 3137 1196 3190 asciverim,
1235 3139 1395 3183 vestris
1428 3138 1607 3183 auribus
1648 3139 1843 3194 aperiam
1882 3154 2120 3197 precorque
2151 3154 2240 3184 om-

530 3193 653 3237 nium
677 3195 874 3238 vestrum
900 3194 1198 3246 clementiam,
1230 3198 1283 3239 ut
1304 3196 1352 3240 in
1374 3196 1459 3247 his,
1485 3210 1582 3253 que,
1607 3211 1747 3252 spero,
1779 3197 1891 3240 mihi
1915 3197 2068 3242 divina
2091 3198 2241 3254 gratia

530 3251 780 3306 inspiravit,
835 3265 982 3296 amore
1033 3250 1206 3296 Christi
1256 3253 1524 3297 inflammati
1568 3253 1771 3298 faveatis·
1850 3253 1964 3307 Quia
2005 3255 2051 3299 in
2092 3255 2241 3300 sobole

529 3308 799 3365 acquirenda
829 3309 955 3353 nulla
984 3309 1098 3353 mihi
1127 3324 1226 3365 spes
1256 3313 1470 3355 remanet.

355 3403 390 3446 a)
425 3405 690 3440 suffraneaneis
714 3409 757 3448 B,
781 3408 907 3440 deinde
926 3410 1030 3449 prius
1052 3417 1099 3440 ne
1120 3419 1255 3442 erasum
1277 3412 1310 3442 1.
1420 3409 1459 3450 b)
1496 3418 1516 3441 e
1538 3419 1675 3441 erasum
1699 3413 1731 3443 1.
1841 3410 1875 3452 c)
1911 3412 1934 3443 i.
1952 3421 1981 3443 e.
2006 3411 2238 3452 nugigerula;

356 3449 404 3487 cs.
428 3450 457 3486 1,
483 3451 518 3481 6.
622 3451 658 3491 d)
687 3452 822 3491 placito
845 3453 891 3484 B.
993 3456 1026 3490 6)
1055 3455 1173 3484 testus
1196 3454 1239 3494 B,
1264 3462 1354 3485 corr.
1375 3455 1414 3485 T.
1517 3453 1547 3492 f)
1576 3454 1750 3492 quociens
1772 3455 1815 3494 B,
1838 3463 1862 3485 n
1881 3456 2013 3494 puncto
2036 3455 2182 3486 deletum
2203 3457 2237 3486 1.

356 3493 393 3531 g)
416 3493 634 3526 architistite
656 3496 687 3525 1.
791 3493 833 3535 h)
863 3494 910 3534 qd
932 3496 962 3527 l.
1069 3495 1095 3537 i)
1125 3498 1175 3527 ita
1199 3498 1235 3528 in
1258 3498 1330 3528 loco
1351 3506 1431 3527 raso
1458 3495 1494 3535 T,
1518 3496 1608 3528 haec
1630 3499 1718 3527 tuuc
1739 3497 1837 3528 iusta
1859 3497 2030 3529 voluntas
2055 3500 2090 3529 et
2110 3497 2238 3537 petitio

356 3535 454 3572 regis
477 3544 657 3568 consensu
680 3537 841 3569 omnium
865 3542 1028 3570 vestrum
1051 3539 1220 3578 legaliter
1242 3542 1364 3579 potest
1388 3538 1533 3580 impleri
1555 3540 1588 3580 2,
1611 3539 1654 3571 Α.
1673 3540 1710 3571 S.

358 3619 400 3672 1)
431 3622 668 3667 Brunom's
699 3624 899 3679 episcopi
928 3625 1196 3680 Auyustani
1227 3626 1527 3671 1006—1029.
