2456 4036
722 257 1056 302 THIETMARI
1086 256 1302 302 CHRON.
1360 257 1471 302 LIB.
1502 257 1580 301 VI.
2001 258 2081 303 151

215 383 411 435 tionem
450 399 515 433 ex
553 383 817 450 inproviso
861 383 1123 436 irruentes
1162 383 1505 437 confundunt.
1591 384 1631 436 F
1635 383 1846 450 ugiente
1884 400 1947 436 eo
1988 401 2083 435 rex
2115 393 2238 438 1007.

214 454 270 505 in
301 452 511 505 Christo
540 453 739 505 victore
771 453 1022 516 laetatur,
1072 454 1267 506 flumen
1302 453 1693 521 transgreditur
1730 455 2082 506 vicinitatem-

214 541 316 591 que
354 523 658 590 contiguam
694 524 982 591 populatur
998 524 1030 578 ¹.
1108 525 1240 578 Cum
1278 531 1456 578 autem
1494 525 1564 577 ad
1601 525 1895 591 abbaciam,
1944 542 2083 591 quae
2105 539 2305 583 (Aug-19)-

213 593 353 646 Gent
391 592 639 656 dicitur2,
683 595 929 658 veniret⁸,
981 613 1012 646 a
1051 595 1413 648 confratribus
1451 597 1595 648 illius
1641 596 1929 649 aecclesiae
1970 613 2083 647 sus-

214 670 397 733 ceptus
433 665 548 716 loco
587 664 802 716 eodemb
834 676 887 716 et
928 665 1078 719 bonis
1110 667 1596 735 *appertinentibus
1628 666 1867 739 [cunctis]
1899 684 2085 735 peper-

211 736 298 790 cit.
385 735 619 787 Tandem
672 735 964 789 Balduinus
1016 755 1209 805 magna
1259 740 1576 791 necessitate
1627 744 1842 791 coactus
1893 737 2229 796 humili(oct.).

212 805 604 874 supplicacione
644 807 849 858 veniam
889 807 1155 874 inpetrat3
1187 814 1240 861 et
1268 826 1372 860 non
1403 809 1554 876 longe
1585 809 1740 876 post4
1769 827 1864 877 per
1893 827 2083 862 manus
2280 815 2282 818 ’

209 876 386 944 regis*
425 876 643 929 effectus
682 878 958 930 Walecorn
998 884 1081 930 etc
1125 880 1550 946 prenominatam
1597 881 1782 933 urbem
1831 881 1885 932 in
1927 881 2082 933 bene-

210 946 389 1000 ficium
427 948 876 1016 adipiciscitur**.

352 1020 435 1072 30.
470 1018 602 1089 (23.)
661 1019 962 1071 Pacificatis
1004 1026 1131 1073 tunc
1169 1020 1409 1088 partibus
1441 1021 1544 1074 hiis
1577 1022 1928 1089 generaliterd
1958 1038 2083 1074 con-

211 1089 391 1142 cilium
439 1091 493 1141 in
539 1089 997 1142 Fronkenevordie
1042 1110 1075 1143 a
1118 1109 1243 1159 rege
1281 1091 1533 1157 ponitur5
1584 1099 1637 1145 et
1674 1093 1774 1145 hoc
1811 1093 1878 1146 ab
1915 1093 2082 1146 omni·
2107 1109 2215 1152 (Nov.
2233 1109 2280 1151 1).

209 1161 308 1213 bus
347 1160 631 1229 Cisalpinis
669 1162 1002 1214 antistitibus
1039 1163 1304 1216 visitatur.
1971 1220 1973 1223 f

352 1231 584 1284 Causam
622 1250 744 1284 vero
783 1233 1167 1299 precedentem,
1206 1235 1385 1297 lector,
1427 1233 1645 1286 auribus
1683 1235 1886 1302 accipe!
1971 1235 2081 1287 Rex

43 1297 82 1355 ’.
163 1321 186 1352 ⁴.
209 1320 242 1353 a
277 1321 442 1371 puero
487 1303 757 1371 quandam
797 1305 989 1357 suimet
1026 1306 1310 1369 civitatem,
1365 1304 1699 1373 Bavanbergf
1733 1307 1958 1370 nomine,
1998 1305 2082 1357 *in

211 1374 462 1426 orientali
491 1376 719 1427 Francia
757 1375 936 1440 sitam,
988 1377 1141 1428 unice
1181 1377 1427 1429 dilectam
1466 1395 1558 1444 pre
1598 1377 1823 1429 caeteris
1854 1376 2084 1429 excoluit

209 1450 262 1496 et
299 1462 461 1498 uxore
499 1446 661 1498 ducta
699 1446 921 1499 eandem
960 1449 1007 1499 ei
1050 1448 1104 1499 in
1137 1447 1312 1500 dotem
1350 1447 1511 1502 dedit.
1585 1448 1875 1517 Postquam
1904 1453 2084 1500 autem

209 1515 279 1568 ad
316 1518 467 1584 regni
505 1535 688 1569 curam
727 1517 905 1570 divina
944 1519 1285 1571 miseratione
1321 1524 1707 1586 promoveturss,
1758 1536 1966 1585 semper
2002 1524 2083 1571 ta-

210 1587 317 1639 cita
353 1593 528 1640 mente
566 1588 766 1640 ibidem
806 1590 1173 1657 episcopatum
1212 1597 1516 1642 construere
1549 1591 1721 1658 gestit.
1799 1590 1902 1643 Sed
1939 1591 2082 1658 quia,

209 1662 269 1710 ut
306 1658 528 1712 Flaccus
565 1665 811 1723 testatur,
850 1661 1128 1713 dimidium
1154 1661 1313 1731 facti,
1362 1662 1452 1729 qui
1488 1663 1634 1730 cepit,
1682 1663 1845 1726 habet,
1889 1678 2081 1714 novam
2106 1663 2193 1740 ¹3⁰3·
2206 1664 2275 1740 {g-
2292 1665 2326 1706 1⁷

208 1729 285 1782 ibi
323 1730 540 1782 inchoat
578 1731 889 1783 aecclesiam
930 1751 1050 1784 cum
1089 1733 1272 1800 criptis
1310 1732 1516 1784 duabus
1562 1738 1614 1784 et
1650 1733 1872 1800 perficit.
1958 1733 2081 1784 Om-
2184 1731 2194 1749 '
2262 1731 2272 1740 '

206 1801 298 1853 nia
343 1807 544 1867 autem,
599 1820 736 1870 quae
782 1803 851 1854 ad
897 1802 1132 1856 divinum
1169 1804 1430 1871 pertinuit
1466 1804 1777 1868 misterium,
1824 1804 2083 1871 paulatim

208 1890 534 1940 congregans
620 1874 931 1926 Heinricum
1007 1875 1508 1943 Wirciburgiensem
1592 1875 1900 1943 episcopum
1980 1874 2084 1927 sibi

209 1944 436 1996 multum
495 1945 839 2010 familiarem,
901 1951 960 1998 ut
1019 1947 1288 2014 proposito
1347 1946 1512 1997 animi
1573 1947 1767 1998 suimet
1818 1946 2083 2013 asspirare

207 2015 458 2068 voluisset
514 2017 955 2085 parrochiamque
1017 2018 1072 2068 in
1123 2034 1282 2084 pagO,
1343 2018 1434 2084 qui
1486 2035 1518 2068 a
1569 2016 1837 2069 Radinzca
1887 2016 2084 2068 fluvio6

207 2103 398 2139 nomen
453 2089 694 2151 sortitur,
748 2089 975 2156 positam
1022 2089 1354 2150 concederet,
1408 2087 1512 2140 sibi
1555 2088 1862 2142 concambio
1906 2087 2083 2140 vendi-

208 2158 435 2210 candam
495 2155 636 2229 [sepe
689 2157 928 2230 rogavit].
1028 2160 1221 2211 Dilecti
1281 2159 1503 2212 senioris
1563 2159 1731 2212 iustas
1790 2161 2082 2227 peticiones

207 2229 388 2296 presul
432 2228 656 2298 benigne
703 2231 995 2298 suscipiens
1048 2248 1110 2283 ea
1153 2231 1366 2283 racione
1412 2231 1700 2294 consensit,
1757 2238 1817 2283 ut
1860 2231 2082 2299 pallium

208 2317 336 2353 suae
396 2302 710 2366 permittens
771 2302 1061 2354 aecclesiae
1121 2302 1628 2369 Bavenbergiensem
1681 2301 1782 2354 sibi
1832 2301 2083 2355 subderet

205 2376 498 2442 pastorem;
547 2372 750 2440 hocque
788 2373 979 2426 baculo
1010 2374 1203 2426 suimet
1243 2373 1357 2441 regi
1394 2373 1519 2425 dato
1550 2377 1605 2424 et
1636 2373 1866 2441 quodam
1895 2373 2083 2442 predio

207 2459 304 2510 pro
355 2444 762 2497 commutatione
806 2445 1017 2513 prefata
1055 2445 1254 2497 tradito
1294 2445 1432 2497 clam
1470 2443 1713 2496 firmavit.
1790 2445 1920 2497 Cum
1958 2461 2082 2498 vero

209 2531 264 2566 se
313 2514 793 2581 archipresulatum
841 2516 1143 2568 nullatenus
1192 2516 1417 2584 adipisci
1464 2533 1620 2583 posse
1670 2517 1912 2580 sentiret,
1960 2533 2084 2584 pro-

210 2585 374 2638 missa
412 2587 673 2653 complere
710 2605 975 2640 rennuens
1021 2587 1090 2639 ad
1139 2589 1419 2640 concilium
1464 2593 1682 2640 vocatus
1720 2605 2083 2655 supramemo-

209 2662 386 2709 ratum
424 2658 602 2709 venire
639 2658 824 2712 noluit.

300 2800 343 2853 *)
375 2801 502 2844 miles
533 2802 639 2846 add.
666 2803 704 2852 2,
738 2803 794 2846 A.
819 2802 865 2846 S.

272 2871 347 2925 **)
379 2873 548 2916 Erasis
588 2886 732 2927 supra
774 2874 821 2917 in
864 2875 1017 2918 dextro
1058 2874 1262 2928 maryine
1302 2887 1379 2917 sex
1415 2874 1619 2918 versibus
1658 2874 1739 2918 hoc
1779 2875 1872 2918 loco
1908 2874 1956 2917 in
1993 2873 2082 2917 imo

380 2930 581 2984 marqine
611 2931 805 2975 inseruit
834 2931 906 2975 N:
955 2931 1106 2974 Mense
1136 2931 1251 2975 Iulio
1283 2932 1327 2974 et
1358 2930 1478 2974 ΧΠ0
1501 2931 1604 2974 Kal.
1635 2929 1750 2986 Aug.
1784 2929 1922 2981 Gisla‚
1953 2943 2082 2974 vene-

379 2986 534 3030 rabilis
573 2989 777 3031 matrona
818 2990 863 3032 et
900 2990 1045 3032 mater
1082 2988 1202 3044 regis
1239 2988 1379 3032 nostri
1415 2988 1586 3039 inclita,
1619 2988 1733 3031 obiit
1763 2989 1809 3031 et
1838 2987 2081 3031 Ratisbone

378 3044 604 3098 sepelitur.

207 3170 243 3210 a)
266 3171 432 3202 venirent
446 3173 490 3203 B.
577 3171 616 3213 b)
640 3172 756 3204 eidem
771 3172 927 3205 radendo
941 3175 1027 3212 alqe.
1045 3182 1131 3204 corr.
1150 3174 1183 3205 1.
1271 3171 1305 3213 c)
1329 3175 1364 3203 et
1379 3171 1612 3204 Valencinam
1628 3173 1660 3212 2,
1678 3171 1970 3203 Valentinianum
1985 3171 2027 3204 A.
2042 3172 2080 3204 S.

209 3213 246 3253 d)
268 3215 439 3251 generale
462 3224 551 3246 corr.
575 3216 706 3247 incerta
728 3224 852 3247 manus
875 3218 907 3248 1.
1011 3214 1045 3257 e)
1076 3215 1336 3247 frankenuordi
1358 3214 1513 3246 radendo
1534 3217 1620 3254 alqs.
1647 3224 1732 3246 corr.
1758 3217 1790 3246 1.
1893 3213 1924 3256 f)
1947 3214 2083 3247 baban-

208 3255 297 3296 berg
327 3257 362 3288 V.
451 3257 488 3297 g)
510 3260 695 3296 promotur
717 3260 749 3290 1.
2207 3260 2241 3321 ‘N

210 3369 252 3423 1)
287 3371 416 3423 Quod
447 3373 583 3416 XIV.
607 3373 717 3416 Kal.
741 3372 862 3427 Sept.
886 3373 1107 3417 accidisse
1138 3374 1258 3416 Ann.
1290 3371 1644 3415 Blandim'enses
1673 3371 1776 3421 (SS.
1806 3373 1864 3423 V)
1902 3386 1945 3415 a.
1970 3373 2083 3417 1007

208 3427 434 3482 referunt,·
466 3427 659 3473 ‘Jahrb.'
684 3431 756 3483 II,
792 3430 973 3474 10—13.
1091 3429 1133 3483 2)
1166 3429 1230 3473 St.
1253 3429 1458 3472 Bavom's
1490 3429 1720 3472 abbatiam
1747 3430 1796 3472 in
1818 3430 1929 3474 urbe
1953 3428 2082 3473 Gent.

209 3483 252 3537 3)
283 3485 568 3541 Aquisqram'
594 3500 743 3531 mense
774 3487 867 3531 Oct.
893 3487 1022 3537 10073
1062 3499 1102 3530 v.
1127 3485 1323 3531 ‘Jahrb.’
1355 3486 1425 3538 II,
1459 3486 1527 3527 12.
1663 3485 1708 3535 4)
1765 3486 2084 3530 Valenciennes

210 3541 484 3586 Bazdwinus
507 3544 703 3596 fortasse
728 3558 768 3587 a.
784 3545 907 3596 1009,
940 3542 1202 3587 Walcheren
1226 3543 1336 3586 1012
1368 3543 1545 3585 demum
1569 3543 1766 3597 accepit;
1802 3544 1860 3596 cf.
1880 3543 2082 3588 ‘Jahrb.’

210 3599 280 3652 ΙΙ,
312 3600 395 3643 282
427 3605 467 3644 et
495 3601 592 3644 321.
708 3601 751 3653 ὃ)
788 3600 899 3644 Vide
930 3598 1126 3644 ‘Jahrb.’
1159 3601 1231 3651 ΙΙ,
1263 3600 1446 3642 66-70.
1564 3598 1607 3651 6)
1640 3599 1847 3644 Rednitz.
