2456 4036
374 261 458 307 154
884 262 1222 306 THIETMARI
1252 261 1469 307 CHRON.
1528 264 1643 308 LIB.
1674 265 1752 309 VI.

200 395 312 440 1008
516 388 600 442 34.
667 387 993 439 *Bolizlavus
1039 393 1216 439 autem
1263 388 1466 452 Luzici‚
1511 390 1683 442 Zaral
1730 395 1782 443 et
1828 390 2029 460 Selpuli
2074 393 2247 447 denuo
2273 383 2397 448 *soz-s

176 449 343 506 (1007)·
374 465 600 524 occupat
649 465 702 511 et
739 476 843 509 non
882 459 1036 524 longe
1084 464 1206 526 post
1241 459 1482 511 Budusin
1527 462 1798 514 civitatem
1834 463 2068 530 presidio
2111 464 2252 518 Hiri-
2455 470 2456 477 ’

371 531 583 581 mannia
630 530 838 580 comitis
888 529 1150 580 munitam
1198 547 1347 581 socer
1397 531 1606 584 invidus
1659 532 1944 600 possedit2.
2033 535 2251 590 Mittens

371 606 553 653 autem
606 601 830 651 nuncios
892 600 1087 652 suimet
1151 601 1387 654 urbanos
1438 604 1698 670 postulat,
1763 610 1824 656 ut
1873 604 2060 657 urbem
2115 607 2252 661 hanc

371 672 484 724 sine
523 675 867 737 utrorumque
915 670 1097 723 labore
1143 671 1246 724 sibi
1284 672 1598 726 redderentb
1644 681 1695 728 et
1732 677 1934 728 nullam
1973 694 2003 727 a
2043 679 2251 732 seniore

372 761 467 796 suo
500 741 827 806 ereptionem
859 748 1149 810 sperarent.
1225 744 1310 796 Fit
1347 761 1453 812 pax
1483 751 1672 798 mutua
1702 746 1771 799 ad
1803 747 1904 800 VII
1936 747 2065 802 dies,
2142 749 2252 804 Iste

369 818 525 882 parat
561 812 1016 879 impugnationes3
1056 812 1133 865 hii
1169 832 1265 882 per
1302 815 1541 881 legatum
1578 818 1771 870 suimet
1809 836 1841 870 a
1878 819 2091 871 domino
2130 826 2184 874 et
2218 838 2252 873 a

369 883 704 952 principibus
741 884 892 951 regni
928 886 1240 953 suppliciter
1277 887 1537 939 auxilium
1575 895 1816 955 poscunt,
1831 887 1912 942 ”se
1950 890 2083 943 alios
2119 892 2252 945 VIIe

370 956 483 1008 dies
543 955 684 1006 hosti
749 956 1000 1008 resistere
1065 958 1454 1025 promittentes,
1537 959 1699 1012 Venit
1757 962 1992 1014 marchio
2045 962 2110 1016 H.
2183 963 2253 1017 ad

370 1026 737 1095 Magadaburg
767 1027 1102 1080 Walterdum
1139 1034 1268 1081 tunc
1307 1031 1627 1098 prepositum
1661 1033 2009 1101 interpellans
2047 1051 2253 1088 omnes-

369 1116 473 1167 que
519 1098 822 1166 specialiter
873 1116 970 1167 per
1013 1100 1221 1168 legatos
1275 1107 1460 1154 evocat
1509 1102 1786 1170 primates3
1842 1122 1974 1172 quos
2025 1105 2252 1159 multum

372 1169 477 1241 [hic
531 1167 711 1240 tunc]d
755 1170 999 1223 tardasse
1045 1172 1382 1225 vehementer
1433 1174 1677 1241 queritur
1734 1181 1788 1228 et
1829 1181 2009 1228 tamen
2055 1178 2252 1231 milites

370 1259 493 1294 suos
541 1259 637 1310 per
683 1242 1048 1295 internuncios
1098 1244 1316 1296 solatur.
1413 1244 1514 1307 Qui
1563 1263 1682 1298 cum
1732 1247 1950 1300 assidua
1998 1248 2253 1302 Bolizlavi

367 1313 770 1380 impugnatione
807 1313 1116 1367 laborarent
1152 1315 1483 1384 viriliterque
1524 1316 1615 1368 diu
1646 1319 1972 1382 resisterent,
2011 1320 2252 1374 videntes

366 1385 651 1437 nonnullos
676 1401 740 1436 ex
764 1386 925 1438 sociis
961 1403 1143 1439 eorum
1174 1392 1364 1439 nutare
1389 1387 1767 1458 dominumque
1785 1408 1840 1442 se
1858 1390 1927 1443 ad
1943 1390 2252 1445 liberandos

367 1475 474 1510 non
498 1458 726 1516 venisse,
760 1457 1030 1510 licentiam
1063 1458 1186 1511 hinc
1220 1459 1448 1511 exeundi
1480 1478 1599 1512 cum
1633 1461 1892 1526 omnibuS‚
1925 1480 2063 1530 quae
2089 1463 2254 1516 habe-

367 1529 513 1592 bant,
540 1527 683 1597 apud
700 1527 888 1581 ducem
911 1529 1176 1596 prefatum
1201 1531 1547 1598 impetrantes
1578 1531 1763 1585 urbem
1791 1531 1877 1605 [ei]
1903 1533 2254 1588 reddiderunt

367 1602 653 1669 tristesque
691 1600 923 1668 patriam
961 1601 1308 1669 repedabant.

215 1690 336 1734 1008,
511 1673 598 1726 35.
646 1670 780 1741 (25.)
850 1672 1058 1726 Mortuo
1107 1671 1250 1745 [post
1300 1673 1520 1746 pascha]
1576 1675 1913 1728 Treverensis
1959 1677 2253 1730 aecclesiae

171 1767 279 1808 (Apr.
297 1767 343 1809 τ).
368 1744 771 1813 archiepiscopo
797 1745 1089 1797 venerabili
1111 1745 1400 1798 Liudulfo3
1420 1747 1763 1814 cappellanus
1788 1747 2022 1800 eiusdem
2041 1749 2252 1802 Aethel-

368 1815 540 1880 beroe,
572 1816 742 1868 frater
772 1816 990 1882 reginae
1022 1821 1075 1869 et
1106 1817 1424 1870 immaturus
1456 1817 1714 1883 iuvenis4‚
1744 1819 1865 1888 plus
1899 1820 2090 1872 timore
2113 1821 2252 1889 regis

367 1906 528 1956 quam
568 1905 748 1940 amore
792 1888 1067 1956 religionis
1114 1890 1465 1942 communiter
1503 1890 1731 1957 eligitur.
1809 1891 1922 1943 Rex
1958 1897 2152 1952 autem,
2192 1898 2254 1946 ut
2405 1928 2455 1960 ,ἦ

368 1959 466 2012 hoc
504 1960 725 2023 audivit,
766 1959 989 2027 *prioris
1026 1977 1133 2012 non
1163 1961 1423 2014 inmemor
1453 1962 1508 2013 in
1539 1979 1792 2029 germano
1825 1963 2063 2016 eiusdem
2095 1963 2250 2017 Thie-
2274 1973 2377 2017 *fot
2407 1957 2455 2032 ῃ]

369 2031 555 2084 drico5
613 2049 718 2083 non
786 2031 1175 2099 premeditatae
1242 2034 1638 2086 constitutionis
1715 2051 1937 2087 uxorem
2003 2034 2253 2088 dilectam

369 2109 714 2171 caeterosque
766 2103 960 2156 suimet
1011 2104 1306 2156 familiares
1360 2104 1424 2157 de
1477 2105 1786 2173 episcopatu
1839 2106 2059 2158 eodemf
2105 2108 2252 2174 inpe-

368 2175 564 2227 trando
627 2174 884 2228 sollicitos
946 2177 1145 2244 sprevit
1202 2180 1254 2228 et
1298 2176 1621 2244 Meingaudo
1640 2186 1677 2242 g,
1734 2177 2024 2245 Willigisih
2077 2178 2252 2231 archi-

367 2247 595 2315 presulis
645 2247 962 2311 camerariO,
1017 2247 1185 2299 nobili
1234 2247 1526 2300 secundum
1575 2266 1786 2300 carnem
1836 2250 1970 2314 vir0‚
2026 2249 2253 2302 eundem

369 2318 567 2371 deditss.
645 2319 869 2385 Propter
907 2318 1007 2370 hoc
1045 2318 1300 2371 subdolae
1338 2321 1697 2387 generationis
1735 2320 1887 2372 furor
1923 2320 2250 2376 accenditur.

368 2389 562 2443 Palas7
618 2408 650 2443 a
703 2389 1126 2443 Trevirensibusi
1197 2394 1383 2444 contra
1441 2409 1618 2459 regem
1671 2390 1920 2444 firmatur
1987 2411 2047 2445 ac
2106 2398 2254 2446 terra

367 2462 502 2515 haec
553 2462 813 2514 hactenus
864 2461 1086 2530 pacifica
1149 2462 1351 2514 crebris
1404 2463 1962 2516 concremacionibusk
2010 2465 2254 2532 quatitur

369 2539 436 2601 et,
490 2534 754 2602 quicquit¹
804 2534 880 2586 hii
925 2534 1139 2586 inmites
1177 2535 1233 2586 in
1282 2534 1558 2586 dominum
1607 2535 1780 2587 lenem
1831 2533 2016 2608 [prius]
2067 2553 2254 2605 pecca-

368 2611 572 2670 verunt,
612 2606 791 2673 equali
822 2606 1018 2658 lancem
1055 2611 1383 2674 receperunt.
1472 2605 1613 2670 Quid
1649 2605 1727 2658 hii
1765 2624 1948 2659 omnes
1987 2608 2071 2659 hic
2110 2617 2161 2660 et
2196 2608 2253 2660 in

368 2677 552 2730 futuro
577 2678 820 2730 examine
846 2676 1044 2729 dicturi
1067 2684 1205 2742 sunt,
1231 2695 1458 2745 quorum
1477 2678 1634 2746 culpa
1651 2678 1767 2731 ines
1772 2678 1944 2731 *fabili
1960 2679 2255 2732 aecclesian
2278 2690 2296 2711 *
2315 2701 2354 2733 p·
2371 2693 2392 2725 8

367 2755 541 2802 mater
576 2750 888 2817 incorrupta
925 2749 1092 2801 tocies
1130 2750 1186 2801 in
1226 2749 1458 2802 filiorum
1498 2752 1696 2802 suimet
1732 2768 1860 2803 nece
1899 2757 1953 2803 et
1992 2751 2253 2819 despolia-

368 2822 519 2874 cione
568 2839 783 2889 gemens
835 2822 1085 2874 lacrimas
1145 2839 1178 2873 a
1234 2821 1463 2873 maxillis
1524 2821 1909 2875 descendentes
1961 2827 2084 2876 ante
2133 2840 2253 2877 con-

369 2950 405 2990 a)
428 2950 631 2983 herimanni
663 2951 698 2982 V.
808 2949 846 2988 b)
876 2950 1053 2982 reddeunt
1075 2952 1118 2990 B,
1142 2960 1230 2982 corr.
1251 2952 1291 2982 T.
1402 2949 1435 2989 c)
1466 2951 1578 2982 littera
1602 2951 1633 2982 V
1656 2960 1757 2982 erasa
1779 2953 1810 2983 1.
1921 2950 1958 2993 d)
1982 2960 2072 2990 quos
2097 2952 2254 2983 multum

370 3003 461 3033 quos
478 2994 633 3026 multum
649 2995 693 3032 B,
710 3003 801 3026 corr.
821 2995 860 3025 T.
951 2995 984 3034 e)
1009 2994 1233 3025 aethelberto
1250 2995 1293 3035 B,
1310 2993 1496 3025 athelbero
1513 2993 1668 3025 radendo
1683 2996 1771 3033 αἶρε.
1789 3003 1878 3026 corr.
1897 2996 1930 3026 1.
2019 2994 2048 3035 f)
2073 2994 2190 3026 eidem
2204 2995 2238 3025 B
2248 3016 2257 3035 ,

369 3047 457 3069 corr.
479 3037 516 3069 T.
617 3036 655 3078 g)
678 3037 868 3076 meingozo
892 3038 936 3078 B,
958 3046 1046 3068 corr.
1068 3039 1109 3068 T.
1209 3036 1248 3077 h)
1272 3036 1458 3077 uuilligiso
1474 3038 1517 3077 B,
1539 3046 1627 3068 corr.
1648 3038 1690 3068 T.
1783 3038 1810 3077 i)
1835 3040 1967 3069 trever.
1993 3037 2029 3069 V.
2127 3035 2168 3078 k)
2192 3045 2253 3069 cre

368 3081 452 3112 add.
474 3082 513 3113 T.
602 3080 631 3120 1)
654 3080 767 3120 qicqit
788 3081 833 3122 B,
858 3090 945 3111 corr.
967 3081 1006 3111 T.
1096 3080 1145 3121 m)
1169 3081 1298 3111 lancea
1321 3082 1353 3111 1.
1442 3079 1482 3119 n)
1506 3080 1662 3126 gcclesie
1687 3081 1718 3112 1.

370 3166 413 3221 1)
446 3167 720 3212 Orientalem
750 3168 973 3211 Lusatiae
1009 3166 1243 3221 inferioris
1279 3172 1456 3222 partem
1493 3166 1610 3209 mter
1640 3166 1803 3216 fluvios
1835 3166 1996 3210 Neisse
2033 3171 2075 3211 et
2102 3166 2255 3210 Bober

369 3226 492 3270 eirea
507 3226 661 3269 urbem
678 3225 828 3269 Sorau
844 3225 988 3269 sitam.
1070 3225 1114 3277 2)
1146 3225 1344 3269 Eosdem
1359 3224 1499 3279 ἐρέτην
1514 3223 1626 3276 fines
1640 3224 1938 3279 recuperavit,
1954 3237 2065 3279 quos
2081 3238 2123 3268 a.
2142 3224 2253 3268 1002

369 3288 610 3338 occupatos
626 3297 666 3327 a.
683 3283 796 3327 1004
810 3288 851 3327 et
870 3283 980 3327 1005
997 3282 1226 3326 amiserat.
1303 3281 1346 3335 3)
1373 3281 1497 3326 Obiit
1515 3282 1626 3324 1008
1646 3286 1760 3335 Apr.
1779 3282 1826 3334 7;
1852 3279 1910 3325 ‘J
1907 3281 2050 3325 ahrbf
2063 3282 2136 3334 II,
2157 3281 2253 3326 199.

370 3340 414 3392 4)
455 3341 595 3392 Quem
634 3340 826 3395 Usinyer
854 3338 1078 3389 (‘Jahrb.’
1110 3341 1151 3390 Ι,
1183 3341 1268 3384 360
1298 3353 1340 3382 η.
1365 3339 1411 3389 3)
1450 3352 1551 3382 eum
1590 3339 1875 3382 Adalberone
1904 3339 2006 3382 III.
2043 3339 2254 3393 episeopo

370 3399 589 3442 Mettensi
617 3399 928 3451 1047-1072,
963 3397 1195 3441 Tkoledrz‘cz·
1223 3396 1352 3440 ducis
1380 3395 1709 3450 Lothariozyiae
1737 3396 1983 3450 superioris
2012 3395 2121 3449 filie,
2153 3408 2252 3439 con-

370 3453 539 3508 fundit,
570 3456 651 3511 qui
677 3456 771 3499 iam
803 3470 845 3500 a.
870 3456 981 3499 1005
1011 3455 1180 3509 puerili
1208 3459 1354 3498 aetate
1389 3453 1627 3508 episcopus
1659 3454 1924 3497 constitutus
1954 3467 1984 3494 a
2018 3453 2253 3497 Thiedrico

372 3511 671 3566 C'uniyundae
701 3513 848 3567 fratre
879 3513 1096 3566 expulsus
1127 3516 1238 3555 erat.
1363 3510 1406 3562 5)
1446 3511 1680 3565 Episcopo
1711 3511 1926 3555 Mettensi
1954 3510 2252 3562 1005—1046‚

372 3568 425 3610 de
462 3583 548 3624 quo
586 3569 644 3623 cf.
683 3571 958 3624 superiorem
995 3574 1162 3613 notam.
1301 3567 1344 3622 6)
1391 3568 1480 3619 Qui
1515 3567 1629 3611 sedit
1665 3581 1806 3623 usque
1845 3568 1908 3611 ad
1937 3582 1980 3612 a.
2013 3567 2148 3617 1015;
2196 3565 2253 3621 cf.

384 3625 518 3675 VIII,
549 3627 618 3670 26.
735 3627 777 3679 7)
814 3627 1045 3671 Palatium
1079 3627 1361 3679 Trevirense5
1396 3624 1455 3679 ef.
1479 3623 1676 3669 ‘Jahrb'
1708 3626 1780 3678 II,
1812 3625 1909 3669 203.
