2372 3970
276 327 317 370 X
855 324 1196 368 THIETMARI
1229 323 1593 369 CHRONICON.

417 453 500 504 De
553 471 700 522 opere
760 453 808 504 Τ
810 453 1055 505 kietmari
1105 453 1220 505 vide
1272 453 1784 506 dissertatiunculam
1835 470 1999 503 meam
2046 450 2169 502 ‘Ab-

264 538 623 608 fassunyszeit
649 557 698 590 u.
732 538 1223 606 Entstehunysweise
1252 538 1303 591 d.
1342 537 1570 590 Chronik
1607 536 1918 590 Thietmars’
1952 535 1985 605 (
1984 537 2168 589 ‘Neues

275 623 488 675 Archiv'
539 622 696 687 XIV,
747 643 799 692 p.
832 621 1109 690 59—86).
1186 623 1297 673 Hoc
1346 623 1454 675 loco
1502 641 1563 674 ea
1609 623 1901 675 brevissime
1945 620 2196 691 repetere

275 709 405 760 satis
453 708 634 772 habeo,
683 726 814 776 quae
862 707 937 758 ibi
979 706 1224 775 probasse
1268 707 1399 757 mihi
1435 707 1628 758 videor.
1705 708 1770 762 A.
1800 707 1953 762 1012.
2002 706 2170 760 Tkiet-

274 812 454 844 marus
492 793 766 844 historiam
803 791 920 842 aevi
956 791 1040 842 sui
1069 789 1385 842 conscribere
1414 791 1577 859 coepit
1607 799 1758 859 atque
1792 793 2022 860 primum
2059 793 2168 861 qui-

274 879 388 930 dem
439 878 611 929 eodem
663 894 800 927 anno
850 874 975 942 VII,
1027 894 1067 927 c.
1117 875 1313 928 1—15
1365 874 1535 944 (apud
1581 874 2031 945 Lappenberqium
2081 877 2170 942 VI,

275 963 516 1032 41-46)
566 971 613 1014 et
650 961 888 1031 fortasse
927 961 980 1025 I,
1034 961 1206 1014 1—-18
1245 961 1473 1030 scripsit.
1569 960 1636 1012 A.
1674 961 1826 1016 1013.
1854 961 1975 1030 fere
2014 960 2173 1014 libros

273 1050 340 1105 II
370 1057 415 1101 et
465 1048 576 1114 III,
626 1066 675 1101 a.
716 1046 867 1101 1014.
909 1046 1016 1112 IV,
1069 1047 1227 1100 1-9
1279 1045 1524 1115 (1—8),
1583 1048 1813 1101 15—17
1865 1047 2172 1116 (lo—11),

275 1134 488 1188 23—25
539 1132 678 1203 (16),
727 1133 964 1185 31—37
1014 1130 1322 1201 (22—24)‚
1373 1132 1610 1186 39—54
1656 1131 1962 1201 (26—34),
2011 1140 2168 1184 cotum
2269 1163 2271 1166 ι

275 1221 467 1272 librum
505 1219 559 1285 V,
593 1227 867 1289 praeterea
902 1218 1054 1283 VIII,
1096 1219 1234 1269 1—2
1260 1216 1418 1285 (VII,
1461 1217 1624 1287 1-3)
1663 1225 1709 1270 et
1739 1218 1772 1270 3
1797 1216 1901 1287 (4),
1939 1236 1989 1273 a.
2017 1219 2169 1274 1015.

275 1314 433 1358 totum
481 1304 667 1356 librum
722 1304 803 1355 VI
842 1312 888 1355 et
936 1302 1088 1370 VIII,
1125 1303 1327 1356 4—-20
1365 1302 1508 1373 (VII
1543 1304 1656 1357 5—
1676 1302 1768 1373 13)
1807 1304 2011 1355 videtur
2059 1323 2174 1374 per-

261 1392 471 1461 fecisse.
549 1390 614 1443 A.
657 1391 810 1445 1016.
861 1409 976 1441 cum
1025 1408 1184 1442 novus
1221 1389 1354 1459 fons
1399 1389 1633 1442 Annales
1676 1387 2172 1460 Quedlinburyenses

272 1478 322 1529 ei
359 1477 718 1546 aperirentur,
762 1483 924 1527 totum
970 1494 1099 1544 opus
1143 1483 1430 1528 retractare
1467 1484 1514 1528 et
1545 1476 1808 1546 plurima,
1854 1496 1983 1547 quae
2019 1485 2172 1529 antea

272 1564 330 1615 in
363 1571 627 1633 posterum
666 1570 860 1631 tempus
897 1561 1200 1626 distulerat,
1248 1561 1442 1614 addere
1489 1562 1667 1631 coepit.
1746 1562 1972 1633 Scripsit
2007 1563 2173 1633 iyitur

273 1669 321 1702 a.
361 1649 522 1714 1016,
572 1667 700 1718 quae
750 1649 806 1699 in
857 1648 992 1709 libro
1039 1648 1115 1702 II.
1163 1656 1210 1699 et
1254 1647 1360 1701 III.
1408 1648 1731 1717 postmodum
1780 1648 1986 1700 adiecta
2034 1656 2170 1713 sunt,

268 1743 544 1806 praeterea
598 1734 713 1798 VII,
764 1734 970 1787 16—41
1016 1733 1144 1802 (VI,
1183 1732 1424 1803 46—61)
1471 1742 1516 1785 et
1565 1731 1714 1799 VIII,
1762 1734 1973 1788 20—35
2013 1732 2171 1802 (VII,

276 1819 529 1892 13—25),
568 1839 618 1873 a.
648 1820 800 1874 1017.
842 1819 944 1885 IV,
987 1819 1215 1884 10-15,
1266 1820 1492 1885 18—22,
1532 1819 1770 1885 26-30,
1820 1819 1888 1872 38
1927 1827 1973 1872 et
2022 1817 2173 1885 VIII,

271 1906 484 1961 36—69
525 1904 682 1974 (VII,
723 1904 982 1974 25-50),
1022 1914 1297 1976 praeterea
1343 1907 1388 1972 I,
1430 1906 1642 1958 26--28
1683 1905 1952 1975 (15—17)
1991 1913 2038 1958 et
2073 1905 2174 1971 IV,

271 1992 484 2047 55—69
524 1991 810 2061 (35—46),
849 2010 898 2046 a.
936 1993 1088 2046 1018.
1136 1992 1352 2060 denique
1391 1993 1584 2056 omnia,
1631 2010 1759 2060 quae
1797 1992 2004 2060 reliqua
2041 2000 2174 2057 sunt,

272 2078 309 2130 i.
341 2097 386 2130 e.
430 2077 580 2143 VIII,
620 2078 833 2131 70—76
868 2077 1024 2146 (VII,
1062 2079 1304 2145 51—54)
1343 2086 1390 2129 et
1427 2085 1584 2128 totum
1623 2077 1816 2129 librum
1845 2077 1932 2128 IX
1959 2076 2178 2147 (VIII)1

270 2172 541 2234 praeterea
580 2165 615 2215 I
630 2164 680 2230 V,
719 2164 934 2218 70—-75
974 2163 1257 2234 (47—51).

418 2277 604 2329 Fontes
671 2277 963 2330 Thietmari
1021 2276 1369 2329 iamduduml
1433 2278 1628 2347 cogniti
1686 2285 1806 2330 sunt
1865 2272 2175 2329 Widukindi

279 2364 478 2416 Rerum
544 2362 933 2416 Saoeonicarum
994 2363 1120 2415 libri
1171 2362 1325 2428 III2,
1385 2362 1620 2415 Annales
1676 2361 2176 2431 Quodlinburyenses

274 2448 400 2518 (SS.
426 2450 522 2501 III
512 2449 544 2518 )
556 2490 572 2514 ,
619 2450 878 2518 Ruotyeri
929 2449 1048 2502 Vita
1086 2449 1355 2501 Brunonis
1401 2447 1526 2518 (διδ.
1559 2447 1695 2518 IV),
1738 2447 2007 2501 Gerhardi
2059 2447 2176 2499 Vita

285 2535 530 2588 Udalrici
591 2533 713 2604 (SS.
756 2534 890 2604 IV),
951 2535 1268 2605 Necroloyia
1327 2531 1804 2604 Mer-seburyense3,
1866 2532 2174 2603 Maqdebur-

271 2639 419 2690 yense
433 2620 474 2686 4,
526 2620 918 2689 Luneburyense
933 2621 955 2657 5
964 2639 985 2686 ,·
1031 2629 1303 2689 praeterea
1352 2621 1605 2672 decretum
1656 2619 1847 2689 synodi
1892 2619 2173 2671 Dortmun-

273 2706 446 2759 densis
478 2725 526 2758 a.
568 2707 718 2759 1005.
757 2705 939 2771 habiti,
972 2705 1269 2775 diplomata
1301 2705 1628 2757 ecclesiarum
1660 2703 2100 2772 Merseburqensis
2128 2711 2175 2754 et

284 2791 672 2845 Walbeccensis.
748 2791 891 2843 Inter
929 2809 1055 2860 quos
1089 2790 1441 2842 Widukindus
1464 2790 1597 2859 fon-s
1636 2789 1891 2841 librorum
1931 2789 1975 2842 J.
2013 2796 2059 2840 et
2096 2787 2170 2840 ΙΙ.

271 2877 596 2948 principalis
647 2885 742 2942 est,
793 2877 871 2928 ita
921 2884 975 2927 ut
1023 2895 1108 2940 ea,
1159 2894 1287 2944 quae
1336 2895 1399 2927 eoe
1445 2875 1595 2927 illius
1640 2892 1788 2943 opere
1831 2874 1996 2943 petita
2039 2881 2173 2937 sunt,

274 2964 425 3034 quasi
462 2972 700 3015 truncum
730 2962 987 3032 quendam
1025 2961 1277 3032 efficiant,
1317 2963 1407 3031 qui
1444 2961 1638 3026 ceteris,
1677 2979 1807 3030 quae
1846 2959 2175 3012 Thietmarus

275 3058 364 3101 aut
412 3068 475 3101 ew
525 3067 620 3100 sua
669 3049 887 3101 scientia
941 3056 1034 3099 aut
1084 3067 1148 3100 ex
1196 3049 1323 3100 aliis
1360 3047 1602 3117 fontibus
1651 3046 1864 3108 adiecit,
1916 3053 1971 3096 ut
2006 3045 2175 3096 ramis

264 3134 522 3204 foliisque
553 3135 784 3189 vestitur.
844 3134 925 3185 De
958 3133 1254 3185 Annalibus
1289 3131 1848 3201 Quedlinburyensibus
1886 3130 2176 3182 Thietmari

263 3220 416 3289 fonte
454 3239 498 3270 v.
539 3219 727 3272 ‘Neues
766 3218 980 3270 Archiv’
1021 3218 1173 3283 XIV,
1213 3219 1440 3285 67-80‚
1480 3218 1571 3268 ubi
1608 3224 1865 3268 auctorem
1903 3215 1961 3266 in
1990 3215 2175 3284 prima

276 3306 446 3373 operis
484 3305 804 3374 conceptione
849 3323 1003 3373 usque
1041 3304 1114 3355 ad
1137 3303 1301 3372 finem
1347 3303 1554 3373 septimi
1593 3300 1778 3372 (sexti)
1827 3301 1953 3353 libri
1992 3299 2176 3352 Anna-

280 3462 323 3514 1)
357 3461 485 3515 Conf.
517 3463 837 3518 Lappenberq,
864 3461 1019 3517 praef.
1049 3474 1095 3516 p.
1128 3462 1213 3506 728
1235 3475 1315 3518 sq„
1360 3459 1655 3506 Wattenbach
1693 3455 2175 3514 ‘Geschichtsquellen'‚

279 3533 521 3577 Strebiteki
561 3532 866 3579 ‘Thietmarus
907 3534 1073 3590 quibus
1104 3533 1315 3589 fontibus
1355 3547 1470 3577 usus
1511 3533 1608 3586 sit',
1648 3532 1756 3576 diss.
1798 3531 2017 3586 Koniysb.
2051 3529 2177 3573 1870.

278 3603 321 3657 2)
353 3603 434 3648 SS.
462 3606 558 3647 III.
593 3610 634 3648 et
664 3606 730 3648 ed.
770 3603 951 3649 Waz'tzss
984 3607 1107 3650 1882.
1225 3605 1270 3658 3)
1301 3605 1392 3649 Ed.
1423 3605 1483 3648 Ε.
1508 3604 1760 3656 Dummler,
1794 3603 1937 3647 ‘Neue
1959 3599 2174 3644 Mittheil.

278 3675 321 3718 d.
344 3675 634 3719 sacha-thur.
658 3676 772 3719 Ver.'
801 3677 892 3719 XI.
1009 3676 1052 3730 4)
1084 3678 1205 3721 Ibid.
1232 3677 1291 3719 X.
1402 3674 1446 3728 5)
1479 3675 1571 3720 Ed.
1605 3674 1853 3718 Wedekind
1876 3671 2056 3717 ‘Noten'
2076 3671 2175 3714 ΙΙΙ.
