2456 4036
688 196 1024 241 THIETMARI
1053 196 1267 242 CHRON.
1325 198 1437 241 LIB.
1468 199 1521 242 V.
1951 200 2031 243 111

60 323 440 380 .s4‘.eiusdem⁸
497 322 654 386 locib,
714 322 1027 375 *Alfkerusc
1086 325 1296 376 nomine
1314 324 1354 388 1,
1422 341 1612 393 corpus
1673 324 1906 377 visitavit
1970 341 2034 377 ac
2064 340 2188 384 1002.

173 393 687 450 commendationem
726 394 932 445 animae
971 412 1176 447 summa
1214 395 1488 448 devotione
1523 394 1761 463 perfecit.

316 467 364 519 7.
405 464 500 534 (5.)
563 463 710 525 Quae
747 481 871 515 vero
909 465 979 517 sit
1016 482 1199 529 causa,
1251 483 1386 533 quae
1424 465 1520 518 hos
1566 464 1633 518 ad
1677 466 1783 518 tale
1827 464 2035 517 facinus

173 535 588 606 perpetrandum
625 535 971 601 persuaserit,
1009 537 1267 589 veraciter
1304 537 1571 604 explicare
1608 552 1829 604 nequeo,
1913 535 2037 598 Qui-

173 609 297 661 dam
341 606 547 667 dicunt,
593 603 903 656 Heinricum
947 606 1202 659 instinctu
1244 608 1472 675 predicti
1516 608 1724 660 comitis
1768 606 1835 660 ab
1872 607 2036 673 impe-

171 685 354 733 ratore
389 675 612 743 flagellis
650 691 830 727 cesum
866 676 997 727 haec
1035 678 1210 744 sepius
1248 679 1303 730 in
1341 695 1460 730 eum
1498 678 1811 731 meditatum
1854 676 2036 729 fuisse.

173 749 283 803 Alii
318 751 617 810 autumant,
656 746 794 797 sicut
829 746 1051 812 predixi,
1090 750 1145 799 in
1185 748 1362 800 Werlu
1401 749 1466 802 ob
1505 749 1875 802 contumeliam
1914 764 2038 800 con-

174 819 446 874 sororibus
490 817 716 880 illatam‚
763 818 891 883 quia
933 818 1026 869 isti
1070 818 1297 870 libenter
1339 819 1422 871 his
1467 821 1788 884 serviebant,
1838 837 1902 871 ac
1944 836 2039 886 per

175 891 446 946 conviviad
481 889 758 955 minasque
797 886 867 939 ab
903 887 1018 954 ipso
1057 888 1159 941 sibi
1200 889 1567 943 manifestatas
1613 891 1744 943 haec
1776 907 1866 943 eos
1898 890 2037 943 ince-

172 964 330 1032 pisse.
403 960 517 1013 Hoc
552 963 763 1011 tantum
802 958 925 1022 sci0,
963 959 1108 1026 quod
1145 959 1306 1012 decus
1338 963 1500 1028 regni,
1541 961 1786 1013 solatium
1816 961 2037 1030 patriae,

175 1034 339 1087 comis
366 1032 522 1095 suise‚
558 1035 737 1082 terror
766 1029 996 1082 inimicis
1029 1035 1081 1082 et
1109 1047 1205 1097 per
1233 1031 1410 1083 omnia
1438 1032 1854 1100 perfectissimus
1885 1031 2038 1096 foret,

175 1107 221 1158 si
278 1106 334 1156 in
391 1101 690 1155 humilitate
750 1100 920 1151 solum
978 1103 1262 1168 persistere
1314 1103 1582 1157 voluisset.
1676 1103 1848 1155 Huius
1900 1103 2039 1155 vitae

175 1192 387 1229 cursum
433 1189 593 1242 quam
636 1169 1014 1240 probabiliterf
1048 1173 1177 1239 egit,
1230 1173 1320 1240 qui
1359 1173 1500 1241 apud
1540 1173 1808 1226 dominum
1846 1174 2040 1226 suimet

174 1245 420 1301 beneficii
449 1244 735 1296 maximam
773 1248 979 1309 partem
1011 1244 1294 1311 acquisivit
1322 1244 1378 1295 in
1411 1245 1824 1313 proprietatemg
1835 1246 1844 1297 !
1921 1243 2039 1295 Mil-

174 1319 376 1371 zientos
419 1332 453 1368 a
495 1314 745 1367 libertate
790 1313 978 1364 inolita
1024 1314 1290 1366 servitutis
1335 1315 1457 1382 iugo
1507 1316 1832 1370 constrinxit.
1907 1315 2039 1367 Boe-

173 1389 399 1442 miorum
444 1386 633 1439 ducem
677 1384 1026 1448 Bolizlavum,
1076 1386 1169 1453 qui
1213 1387 1646 1453 cognominaturh
1690 1384 1918 1449 Rufus2,
1970 1385 2039 1437 ad

173 1460 398 1514 militem
452 1457 557 1510 sibi
616 1454 922 1524 aliumque3
975 1455 1044 1507 ad
1098 1457 1325 1508 amicum
1370 1457 1688 1510 familiarem
1741 1456 2041 1509 blandiciisi

176 1549 239 1585 ac
283 1530 442 1583 minis
485 1528 815 1597 adipiscitur.
896 1525 1065 1594 Super
1110 1529 1351 1581 omnemk
1389 1528 1728 1597 Thuringiam
1777 1527 2041 1580 communi

177 1603 344 1657 totius
392 1600 578 1670 populi
626 1599 882 1652 electione
939 1597 1188 1650 ducatum
1242 1601 1552 1668 promeruit.
1643 1599 1874 1652 Comites
1919 1614 2040 1650 vero

35 1697 81 1730 οι.
98 1695 152 1729 85.
176 1673 463 1728 orientales
498 1671 684 1740 paucis
719 1675 930 1722 tantum
968 1671 1200 1738 exceptis
1237 1687 1560 1739 regnumque
1598 1673 1651 1724 in
1684 1670 1802 1738 *spe
1836 1669 2038 1721 habuit.

177 1746 325 1810 Quae
362 1745 540 1797 omnia
577 1741 644 1795 ad
682 1746 793 1793 tam
831 1739 1187 1794 miserabilem
1226 1741 1367 1795 hunc
1404 1742 1681 1795 detraxere
1719 1742 1891 1793 finem.

319 1818 368 1870 8.
420 1814 594 1867 Huius
617 1813 764 1865 fama
794 1811 886 1864 diu
918 1828 1041 1863 mox
1070 1819 1364 1881 propagata
1394 1814 1640 1865 domnam
1667 1809 2043 1865 Suonehildam

174 1886 353 1940 venire
382 1886 511 1938 fecit
542 1884 750 1937 obviam
779 1881 981 1951 filiique
1012 1883 1126 1935 eius
1155 1884 1422 1936 laeticiam
1455 1882 1693 1937 turbavit
1716 1881 2040 1934 Herimanni.

174 1958 253 2011 Isl
285 1974 531 2025 namque,
572 1974 691 2008 cum
723 1956 872 2007 iussu
903 1955 1076 2022 patris
1107 1955 1497 2008 Willehelmum
1534 1953 1827 2014 comitem4,
1868 1967 2043 2004 senec-

174 2035 289 2083 tute
326 2046 391 2082 ac
425 2027 568 2080 omni
598 2027 836 2079 bonitate
864 2025 1175 2094 proficuum,
1216 2026 1282 2079 ob
1312 2027 1729 2078 vindicandamm
1751 2021 2043 2077 Widikindi

175 2106 229 2154 et
258 2099 575 2153 Herimanni
612 2115 794 2150 necem
828 2115 860 2149 a
891 2096 1001 2149 filio
1034 2098 1262 2149 suimet5
1304 2098 1379 2151 eis
1418 2098 1640 2151 inlatam
1677 2095 1852 2150 valida
1882 2111 2044 2146 manu

174 2173 231 2225 in
273 2171 526 2224 Wimerin
576 2168 871 2238 possideret
935 2169 1319 2237 emeritumque
1382 2186 1557 2222 senem
1615 2169 1669 2220 in
1721 2166 2042 2235 presentiam

174 2243 402 2313 predicti
446 2243 652 2295 comitis
695 2241 874 2293 venire
927 2245 993 2303 et,
1041 2240 1292 2309 quicquid
1337 2241 1451 2307 ipse
1498 2240 1564 2293 ab
1614 2256 1674 2292 eo
1720 2240 2041 2306 exposceret,

175 2314 396 2382 implere
447 2314 744 2380 iuramento
799 2312 1205 2379 constringeret,
1259 2317 1478 2380 accepta
1521 2327 1647 2365 nece
1692 2307 1928 2379 parentis
1964 2307 2043 2358 in-

174 2386 386 2455 provisa
438 2402 557 2437 cum
606 2388 777 2436 matre
829 2383 1072 2436 celeriter
1123 2385 1354 2435 occurrit
1401 2384 1675 2452 patrisque
1728 2396 1917 2448 corpus
1964 2379 2042 2429 in-

175 2458 319 2526 genti
379 2455 526 2508 luctu
592 2455 887 2523 suscipiens
952 2455 1007 2506 in
1066 2453 1219 2517 urbe,
1294 2473 1430 2522 quae
1494 2453 1732 2506 Geniun⁰
1798 2447 2041 2512 dicitur6‚

176 2528 391 2596 sepeliri
427 2527 571 2580 fecit.
644 2527 869 2580 Peracto
918 2531 1095 2578 autem
1140 2526 1408 2578 tricesimo
1447 2525 1565 2578 die7
1611 2524 1806 2577 domna
1845 2521 2044 2574 Suone-

175 2599 337 2653 hildis
374 2598 445 2651 ad
482 2597 644 2650 Misni
679 2596 1037 2667 proficiscitur
1075 2614 1194 2649 cum
1231 2596 1370 2649 filiis.

318 2673 366 2725 9.
405 2668 503 2741 (6.)
563 2669 781 2722 Interim
816 2668 1139 2734 Bolizlavus,
1191 2668 1475 2721 Miseconis
1520 2667 1660 2719 filius
1703 2664 1844 2734 patri
1888 2663 2042 2728 longe

175 2742 417 2807 inferior,
486 2739 551 2793 de
617 2746 789 2793 morte
855 2739 1089 2793 laetatur
1150 2740 1359 2792 comitis
1419 2737 1751 2806 Ekkyhardi3
1819 2749 2041 2800 moxque

176 2877 212 2920 8.)
236 2878 362 2910 eadem
385 2876 426 2918 A,
450 2885 538 2908 corr.
558 2877 597 2907 T.
687 2874 726 2917 b)
747 2875 821 2907 loci
841 2874 911 2907 loci
934 2875 972 2906 in
995 2874 1131 2906 duabus
1147 2874 1292 2916 payinis
1313 2875 1345 2905 1.
1434 2874 1468 2914 c)
1493 2874 1512 2905 f
1529 2872 1613 2905 add.
1631 2874 1669 2905 T.
1766 2870 1802 2911 d)
1825 2869 1980 2901 conviva
2001 2867 2042 2906 A,

177 2930 265 2953 corr.
287 2922 327 2953 Τ.
428 2918 463 2961 e)
493 2919 667 2951 conmissus
689 2919 731 2958 A,
754 2926 837 2959 spes
861 2917 1027 2950 coffiissis
1051 2926 1137 2951 corr.
1161 2920 1222 2949 aut
1248 2918 1280 2948 T
1298 2919 1359 2948 aut
1381 2918 1426 2948 N.
1528 2916 1558 2957 f)
1586 2917 1637 2947 ita
1662 2916 1696 2955 V,
1721 2916 1753 2954 2,
1777 2914 1820 2946 A.
1838 2914 1898 2949 S.,·
1919 2911 2043 2950 proba-

175 2964 270 2997 bitot
298 2963 342 2996 A.
450 2961 488 3003 g)
523 2964 574 2993 ita
602 2962 645 3002 V;
682 2962 918 3002 propietatem
948 2960 993 2993 A.
1095 2958 1133 3001 h)
1171 2960 1434 3000 cognomitatur
1465 2961 1494 2990 1.
1596 2959 1623 2997 i)
1659 2959 1709 2989 ita
1743 2957 1782 2994 V3
1815 2954 1967 2987 blanciis
1995 2953 2040 2984 A.

176 3005 217 3047 k)
239 3008 382 3038 alterum
404 3015 440 3036 m
463 3006 549 3037 add.
568 3006 606 3036 T.
716 3004 744 3041 l)
770 3005 879 3044 Isque
901 3004 946 3036 A.
1054 3002 1104 3044 m)
1134 3003 1333 3034 vindictam
1355 3011 1401 3033 an
1423 3002 1464 3042 A,
1488 3011 1574 3033 corr.
1603 3002 1642 3032 T.
1751 3001 1789 3038 n)
1820 2996 1975 3030 uuimari
2001 2996 2039 3027 V.

177 3048 212 3091 o)
242 3058 290 3081 un
312 3058 457 3089 erasum,
487 3048 546 3080 sed
567 3048 626 3079 vim
649 3056 671 3078 a
696 3047 899 3087 Thietmaro,
923 3046 984 3086 qui
999 3046 1142 3087 punctis
1172 3046 1282 3078 delere
1304 3046 1404 3085 solet,
1439 3054 1462 3075 n
1485 3053 1593 3084 supra
1617 3044 1741 3075 lineam
1771 3042 1934 3081 scriptum
1951 3039 2040 3077 fuit,

167 3093 320 3132 sonasse
343 3102 365 3123 a
389 3093 420 3124 Τ
439 3091 573 3123 demum
595 3090 764 3122 additum.

180 3198 222 3252 1)
248 3199 336 3251 Qui
343 3203 503 3252 postea
517 3199 786 3242 monasterio
802 3195 1191 3252 Maydeburyensi
1199 3194 1404 3248 praefuit
1419 3208 1461 3237 α.
1479 3193 1780 3241 1005-1009;
1805 3189 1862 3241 cf.
1877 3190 1957 3241 VI,
1974 3189 2042 3233 20.

179 3255 222 3309 2)
254 3256 542 3299 Boleslavum
572 3257 672 3299 ΙΙΙ.
710 3256 867 3298 ducem
896 3253 1139 3297 Bohemiae
1176 3252 1473 3303 999—1002,
1507 3249 1658 3303 filium
1687 3247 1916 3291 Boleslavi
1941 3247 2042 3299 IL,-

180 3311 238 3367 cf.
270 3313 489 3368 Palacky,
520 3311 793 3357 ‘Geschichte
824 3310 1068 3354 Bohmens'
1099 3310 1140 3351 Ι.
1255 3307 1298 3360 3)
1330 3308 1618 3350 Boleslavum
1650 3304 1804 3349 ducem
1829 3303 2044 3347 Polom‘ae

181 3369 499 3422 (992—1025).
624 3369 667 3422 4)
717 3368 1044 3412 Willehelmum
1079 3366 1141 3409 II
1141 3397 1150 3407 .
1191 3365 1388 3409 comitem
1435 3362 1775 3406 VVimariensem
1818 3360 1861 3413 (†
1892 3359 2043 3411 1003);

178 3427 238 3482 cf.
293 3426 676 3479 Knochenhauer,
730 3423 1005 3469 ‘Geschz’ehte
1060 3421 1369 3476 Thurinqens’.
1514 3419 1557 3471 5)
1623 3418 1891 3464 willehelmo
1943 3416 2043 3460 ΙΙΙ.

180 3483 224 3538 6)
270 3483 564 3528 Gross-Iena
605 3483 732 3536 villa,
777 3482 866 3526 sita
909 3481 991 3524 ubi
1032 3479 1198 3533 fluvius
1246 3478 1432 3522 Unstrut
1475 3474 1623 3529 effluit
1666 3476 1715 3518 in
1760 3474 1930 3519 Salam.
1988 3474 2043 3517 L.

181 3541 224 3594 7)
257 3539 324 3595 Of.
355 3540 720 3596 Sachsenspieyel
748 3540 792 3593 I,
823 3542 908 3581 art.
931 3539 999 3581 22.
1058 3537 1144 3585 L.,·
1202 3536 1308 3579 Vita
1338 3533 1605 3577 Hludowici
1632 3546 1667 3576 e.
1692 3533 1760 3575 21.
