2456 4036
281 407 406 451 1017.

231 2843 329 2884 Aug.
347 2845 402 2877 27.

437 273 521 316 230
844 269 1180 314 THIETMARI
1210 266 1427 314 CHRON.
1486 267 1601 312 LIB.
1632 266 1744 311 VIII
1776 266 1915 322 (VII).

437 397 814 464 quantitatem,
863 413 982 447 cum
1029 394 1357 448 execrandaa
1400 394 1670 461 gentilitas
1715 392 1790 446 ibi
1830 397 2196 458 veneraretur,
2243 394 2311 446 ab

436 468 623 520 incolis
662 467 906 520 omnibus
944 466 1102 518 nimis
1140 465 1522 520 honorabatur.

577 540 661 591 60.
736 537 1016 606 Inperator
1067 544 1249 589 autem
1300 543 1422 605 post
1473 543 1583 589 tres
1635 535 1748 588 dies
1799 534 1869 588 ad
1921 534 2143 588 eandem
2194 552 2312 588 cum

435 612 671 662 exercitu
701 608 874 661 valido
909 609 1125 660 veniens
1164 609 1356 661 castris
1387 607 1611 662 eandem
1641 606 2060 675 undiquessecus
2092 607 2314 659 circum-

434 681 553 732 dari
590 680 753 742 iubet,
800 696 1024 747 sperans
1062 680 1139 732 sic
1177 696 1384 733 omnem
1421 679 1563 732 hosti
1601 696 1696 731 suo
1736 678 1984 731 claudere
2021 694 2310 731 accessum.

435 752 658 818 Sapiens
712 750 950 804 eiusdem
1003 750 1283 803 consilium
1337 756 1390 805 et
1440 753 1494 804 in
1546 749 1813 804 omni*bus
1873 749 2016 802 bona
2067 747 2314 802 voluntas
2338 777 2355 794 *
2403 800 2415 813 ,

432 822 656 875 multum
709 821 784 874 ibi
834 821 1134 891 prodesset,
1187 822 1234 875 si
1285 823 1341 875 in
1394 821 1687 876 efficiendis
1732 821 1892 874 rebus
1936 819 2314 873 auxiliantium

433 893 537 946 sibi
574 892 800 946 affectus
839 894 980 946 hunc
1017 893 1310 949 adiuvaret.
1387 894 1540 946 Nunc
1579 899 1758 946 autem
1798 902 1893 961 per
1923 909 2107 944 omnes
2137 897 2314 945 custo-

432 965 550 1018 dias
597 963 891 1033 presidium
940 965 1063 1018 urbi
1113 965 1169 1017 in
1217 966 1390 1019 noctis
1443 966 1658 1019 silentio
1711 963 1997 1017 advenerat
2047 979 2314 1045 magnum.

430 1036 578 1089 Tunc
615 1037 1050 1104 omnigenorumb
1090 1038 1294 1106 species
1331 1038 1806 1090 instrumentorum
1843 1053 1877 1088 a
1906 1035 2104 1088 nostris
2132 1035 2315 1103 parari
2410 1055 2411 1058 ¹

430 1107 685 1160 iubentur
738 1115 791 1161 et
834 1113 956 1160 mox
1014 1126 1077 1162 ex
1120 1115 1276 1178 parte
1321 1109 1595 1162 contraria
1640 1107 1744 1160 hiis
1789 1106 2078 1160 admodum
2115 1105 2314 1158 similia

430 1179 694 1233 videntur.
787 1179 1092 1248 Numquam
1138 1179 1319 1233 audivi
1364 1181 1597 1248 aliquos,
1653 1180 1744 1248 qui
1790 1179 1999 1232 meliori
2042 1178 2315 1247 pacientia

430 1268 494 1303 ac
531 1250 869 1318 prudentiori
906 1251 1128 1304 consilio
1167 1269 1224 1305 se
1253 1269 1508 1321 umquam
1541 1250 1828 1304 defendere
1857 1251 2173 1303 niterentur.
2231 1248 2314 1301 Ex

428 1329 581 1391 parte
619 1322 805 1392 gentili
843 1340 1055 1376 crucem
1104 1329 1375 1376 sanctam<=
1421 1323 1700 1392 erigebant
1737 1323 2079 1390 eiusdemque
2110 1319 2313 1373 auxilio

430 1395 525 1447 hos
555 1394 693 1446 vinci
725 1393 1029 1463 sperabant.
1092 1394 1148 1448 Si
1178 1394 1341 1463 quidd
1372 1395 1474 1447 hiis
1506 1394 1750 1463 prosperi
1779 1393 1990 1458 accidit,
2023 1408 2311 1461 numquam

429 1466 824 1529 exclamabant,
878 1484 976 1519 nec
1021 1466 1401 1520 adversitatem
1446 1467 1628 1536 aliquo
1673 1467 1871 1535 gemitu
1917 1466 2314 1533 ingravescente

426 1537 756 1605 aperiebant.

571 1612 654 1665 61.
716 1609 937 1661 Interim
970 1609 1306 1663 mararenses
1340 1609 1616 1663 Boemiam
1655 1609 1881 1678 ingressi
1918 1607 2105 1661 urbem
2147 1623 2313 1674 quan-

426 1681 549 1733 dam
608 1688 918 1750 expugnant
981 1687 1035 1734 et
1084 1699 1202 1734 cum
1252 1681 1421 1749 preda
1483 1681 1687 1750 ingenti
1734 1681 2026 1734 incolumes
2079 1678 2310 1732 exibant.

428 1752 582 1816 Quod
634 1770 753 1805 cum
808 1751 1048 1806 marchio
1102 1752 1423 1807 Heinricus¹
1478 1753 1572 1807 hos
1630 1758 1811 1822 petere
1870 1770 1990 1805 cum
2044 1749 2311 1805 excercitu

428 1831 654 1877 conatus
707 1824 942 1889 audiret,
999 1825 1227 1878 festinus
1268 1824 1605 1906 insequitur,
1666 1833 1719 1877 et
1771 1824 1963 1879 occisis
2015 1842 2080 1877 ex
2131 1837 2312 1874 eorum

426 1913 649 1949 numero
688 1898 807 1964 plus
846 1914 1006 1965 quam
1050 1896 1195 1949 mille
1231 1897 1358 1949 viris
1398 1867 1835 1966 fugientibusque
1872 1897 2099 1950 caeteris
2144 1893 2312 1960 capti-

424 1968 643 2021 vitatem
681 1967 820 2021 hanc
859 1984 1070 2021 omnem
1111 1968 1343 2022 solutam
1381 1967 1594 2021 domum
1633 1970 1854 2023 remisit.

570 2039 755 2108 Neque
793 2039 1080 2093 tacendum
1120 2045 1221 2100 est,
1269 2040 1412 2109 quod
1453 2041 1547 2093 alii
1591 2040 1790 2093 milites
1828 2039 2082 2093 Bolizlavi
2125 2035 2312 2092 urbem
2417 2071 2434 2111 ’ἔ

425 2111 667 2179 Belegori
706 2110 907 2164 dictam
939 2111 1140 2165 XVIII.
1170 2112 1285 2164 Kal.
1320 2111 1612 2180 Septembr.
1657 2113 1894 2180 aggressi
1932 2119 1985 2164 et
2021 2111 2160 2165 bello
2195 2124 2309 2161 eam

424 2184 780 2252 inpugnantes
813 2182 1036 2244 diutino,
1070 2184 1181 2236 Deo
1211 2185 1408 2252 gratia!
1441 2183 1517 2236 nil
1539 2183 1904 2253 proficiebant
1957 2183 2310 2260 Liuticiorum
2410 2211 2415 2222 ›

425 2260 601 2308 autem
642 2271 839 2323 magna
876 2254 1178 2320 multitudo,
1225 2273 1363 2324 quae
1407 2255 1550 2308 domi
1594 2255 1824 2320 fuerant,
1870 2255 2140 2324 quandam
2186 2251 2310 2307 civi-

424 2332 593 2379 tatem
628 2327 827 2395 prefati
865 2325 1017 2380 ducis
1063 2328 1349 2409 petierunt.
1430 2327 1619 2396 Ibique
1664 2328 1783 2396 plus
1830 2344 1991 2397 quam
2030 2326 2098 2379 *C
2139 2325 2311 2379 socios
2337 2347 2354 2366 *
2392 2318 2407 2396 ᾗ

425 2397 711 2466 perdentes
763 2416 882 2451 cum
935 2399 1138 2467 ingenti
1188 2399 1420 2452 tristicia
1470 2398 1786 2452 remeabant
1836 2408 2127 2468 posteaque
2172 2398 2310 2452 eius-

427 2470 546 2522 dem
585 2468 725 2522 bona
762 2470 988 2523 multum
1027 2470 1329 2526 vastabant.
2397 2526 2401 2532 ,

568 2543 654 2595 62.
709 2541 843 2613 (45.)
924 2541 1044 2594 Hiis
1097 2559 1310 2651 quoqu3e
1361 2541 1594 2596 adiciam
1649 2542 1980 2596 mortifeium
2033 2540 2310 2596 Godefridi
2398 2568 2403 2591 ι

424 2611 612 2666 ducis2
661 2619 714 2667 et
762 2613 991 2667 Gerardi
1040 2613 1292 2667 comitis3
1340 2631 1699 2682 congressum.
1795 2615 1877 2667 Illi
1933 2631 2163 2684 namque
2217 2612 2308 2666 diu

423 2683 650 2739 invicem
700 2684 975 2739 discordes
1029 2692 1234 2739 certum
1286 2684 1569 2739 condixere
1631 2687 1794 2748 diem,
1855 2704 1961 2756 qua
2020 2703 2139 2740 cum
2199 2686 2309 2738 suis
2393 2743 2395 2755 ζ

424 2756 729 2810 fautoribus
778 2756 914 2810 haec
962 2763 1110 2810 certo
1160 2758 1324 2811 duelli
1372 2757 1570 2811 iudicio
1623 2758 2032 2812 discernerente.
2128 2758 2308 2811 Mense

427 2830 668 2898 Augusto
716 2826 799 2901 [ac
838 2828 925 2882 VI.
960 2828 1078 2884 Kal.
1113 2826 1458 2901 Septembris]
1504 2830 1559 2882 in
1605 2830 1839 2900 quadam
1882 2831 2028 2899 prati
2069 2829 2307 2883 florentis
2382 2863 2384 2866 -

425 2898 712 2972 [condicta]
763 2901 996 2970 planicie
1057 2900 1463 2970 confligebant4.
1560 2901 1663 2955 Sed
1723 2903 2028 2972 superbiam
2083 2900 2306 2955 Gerardi
2383 2951 2395 2958 ,,

424 2973 702 3027 humilitas
748 2972 950 3026 Christi
1004 2973 1247 3026 molliens
1301 2991 1363 3026 ac
1416 2973 1586 3026 socios
1640 2975 1755 3027 81118
1804 2975 1859 3027 111
1904 2973 2085 3042 fugam
2131 2973 2305 3028 subito

425 3049 658 3110 vertens3
704 3061 809 3098 non
854 3045 1031 3097 minus
1077 3063 1140 3098 ex
1185 3044 1291 3098 hiis
1339 3062 1501 3114 quam
1540 3045 1668 3099 CCC
1713 3047 2003 3115 prostravit
2051 3045 2190 3099 viros
2241 3062 2305 3098 ex

424 3116 617 3183 quibus
654 3117 759 3170 fuit
795 3134 934 3170 unus
974 3117 1197 3170 Walteri
1238 3115 1505 3188 Pulvere[l
1543 3116 1813 3254 nomine&
1849 3136 1910 3171 eo
1949 3117 2090 3187 quod
2133 3118 2189 3171 in
2226 3117 2304 3170 fa-
2378 3162 2427 3186 Ι,

422 3186 602 3240 villam
642 3188 747 3242 sibi
784 3189 1056 3242 contraria
1092 3188 1376 3258 redigisset
1410 3194 1628 3242 vocatus
1690 3189 1759 3242 ha
1799 3190 1879 3242 itu
1923 3189 2165 3255 clericuS,
2211 3190 2305 3243 sed
2384 3211 2385 3214 ¹
2424 3198 2427 3219 ἲ

422 3277 480 3312 18
545 3260 683 3313 latro
748 3260 991 3316 eximius,
1092 3259 1193 3313 Hic
1246 3261 1486 3314 centurio
1539 3261 1661 3314 lacu
1706 3279 1826 3313 cum
1880 3262 1991 3314 suis
2036 3246 2305 3315 clauditur
2424 3253 2426 3256 ’

423 3349 530 3384 11110
581 3338 633 3384 et
670 3338 800 3385 tunc
839 3333 1075 3386 saciatus
1113 3333 1281 3385 iacuit
1318 3333 1374 3384 in
1411 3332 1602 3400 prelio,
1642 3333 1728 3385 cui
1765 3350 2058 3402 numquam
2095 3331 2306 3387 suffecit
2407 3366 2411 3371 =

422 3445 457 3486 a)
481 3447 531 3478 ita
545 3447 588 3479 A.
608 3448 644 3480 S.
659 3459 667 3467 ·
654 3455 797 3488 ,uexeq
775 3447 894 3481 nanda
908 3450 940 3480 1.
1008 3447 1048 3490 b)
1071 3448 1345 3487 omnigenarum
1363 3449 1393 3478 1.
1483 3447 1516 3488 c)
1539 3457 1573 3479 m
1590 3448 1674 3480 add.
1695 3450 1735 3481 T.
1818 3447 1855 3487 d)
1881 3448 1928 3488 qd
1942 3450 1974 3481 1.
2053 3447 2088 3490 8)
2111 3457 2128 3480 8
2149 3447 2241 3481 aad.
2261 3450 2302 3482 T.

425 3518 467 3570 1)
507 3519 731 3574 Liupoldi
749 3522 790 3564 I.
820 3520 959 3573 filius,
992 3520 1193 3565 marchio
1223 3520 1471 3566 Orientalis
1500 3521 1744 3565 marchiae.
1882 3520 1925 3574 2)
1969 3520 2211 3576 Godefridi
2229 3521 2301 3565 II.

425 3575 555 3619 ducis
584 3577 911 3633 Lotharinqzae
940 3579 1172 3631 inferioris
1205 3576 1539 3631 (1012-1023).
1666 3577 1710 3632 3)
1749 3578 2046 3633 Αῑεατίεη818;
2078 3592 2116 3622 υ.
2151 3579 2200 3633 V,
2231 3579 2300 3624 21.

423 3632 467 3685 4)
500 3634 572 3676 De
601 3647 687 3688 quo
718 3635 827 3678 bello
860 3634 915 3690 cs.
947 3634 1148 3680 ‘Jahrbss
1179 3637 1280 3687 III,
1311 3636 1495 3681 62-64.
2369 3678 2372 3686 .
