2456 4036
240 412 374 467 (998).

225 1391 380 1484 Ὲὲῗὲξέ).

221 2212 311 2244 Dec.
330 2212 383 2244 17.

227 2498 335 2531 Febr.
352 2499 384 2531 4.

405 277 461 321 88
898 269 1234 317 THIETMARI
1265 268 1482 313 CHRON.
1543 270 1655 314 LIB.
1687 269 1795 314 1111.

405 402 675 455 videretur
734 400 1014 469 optimum,
1075 397 1129 448 in
1182 395 1549 466 Magadaburg
1607 395 1723 449 fieri
1783 400 2117 461 conventum,
2178 396 2282 450 huc

407 490 658 543 sponsum
705 489 822 524 cum
870 467 1151 522 contectali
1195 467 1397 531 venire,
1450 468 1796 522 auxiliatores
1845 485 2056 536 quoque
2101 485 2282 521 omnes

405 552 500 598 aut
548 562 603 596 se
651 559 770 595 reos
818 540 893 593 ibi
941 543 1270 609 presentare,
1329 545 1422 592 aut
1471 539 1752 592 damnatos
1800 539 1998 608 fugere.
2090 539 2282 606 Sicque

405 617 606 669 factum
637 619 732 666 est.
795 609 1102 664 Confluente
1126 610 1361 662 maxima
1384 611 1510 664 illuc
1533 611 1891 674 multitudine,
1922 611 2283 663 Wirinharius

408 705 527 741 cum
567 684 678 739 suis
717 682 1150 751 cooperatoribus
1194 680 1366 750 nudis*
1400 683 1726 750 provolvitur
1770 681 2018 751 pedibuS‚
2064 699 2283 735 uxorem

405 757 597 812 reddit.
663 755 886 807 Veniam
922 754 988 806 de
1020 753 1317 806 commissis
1345 754 1448 806 sibi
1480 755 1695 823 suisque
1725 754 1924 807 auxilio
1954 754 2285 823 principuma

404 827 700 898 promissab
733 825 1099 880 emendatione
1126 826 1435 894 promeruit.
1491 825 1595 879 Sed
1617 825 1935 879 venerabilis
1959 826 2014 877 in
2039 824 2284 879 omnibus

404 898 684 953 Mahtildis
722 897 872 950 finito
912 897 1173 966 colloquio
1204 896 1592 965 Liudgerdam0
1630 915 1808 951 secum
1846 897 2016 962 duxit,
2056 914 2159 949 non
2189 914 2285 966 pro

405 970 726 1034 retentione,
767 969 858 1023 sed
897 986 992 1036 pro
1031 969 1274 1022 timorisd
1311 969 1491 1038 magni
1529 968 1975 1021 confirmationee.

547 1043 631 1096 43.
679 1040 812 1112 (27.)
872 1039 1079 1094 *Bonae
1133 1041 1336 1093 autemf
1388 1041 1582 1094 suimet
1627 1041 1914 1094 voluntatis
1958 1040 2287 1109 propositum
2311 1035 2328 1052 *
2368 1044 2413 1066 ⁰‘

403 1118 662 1183 preventu
707 1112 1020 1166 subitaneae
1067 1112 1254 1166 mortis
1300 1113 1658 1182 interruptum
1705 1118 1799 1166 est.
1881 1112 2124 1180 Namque
2165 1116 2289 1181 post

403 1203 603 1256 paucos
654 1185 790 1250 dies,
842 1202 961 1237 cum
999 1184 1133 1238 11300
1170 1183 1239 1236 ad
1276 1184 1452 1237 locum
1491 1203 1524 1238 a
1563 1185 1674 1238 Deo
1716 1184 1819 1238 sibi
1855 1188 2108 1253 paratum
2146 1184 2288 1237 veni—

403 1263 499 1324 ret,
521 1257 775 1311 continuo
800 1255 1070 1309 infirmata
1093 1255 1470 1310 Bernwardum
1481 1265 1518 1322 8,
1539 1262 1755 1309 sanctae
1771 1255 2288 1309 Hillinessemensish

407 1330 697 1383 aecclesiae
745 1334 872 1381 tunc
920 1333 1212 1396 pastorem,
1275 1329 1482 1381 vocavit
1532 1334 1584 1381 et
1628 1332 1847 1396 accepta
1900 1327 1968 1380 ab
2022 1344 2081 1380 00
2126 1345 2288 1396 quam

407 1401 694 1470 postulavit
741 1400 1070 1469 indulgentia
1117 1399 1266 1453 VIII.
1299 1399 1599 1455 1d.Febr.1
1643 1399 1911 1453 hominem
1965 1399 2112 1451 exuit
2155 1400 2288 1451 inte-

405 1475 599 1527 riorem
639 1473 953 1542 sepultaque
985 1477 1067 1524 est
1096 1472 1150 1524 in
1183 1471 1444 1524 aecclesia
1480 1471 1549 1524 ad
1589 1477 1749 1540 caput
1789 1472 1895 1524 avii
1926 1471 2121 1523 suimet
2149 1471 2290 1539 regis

405 1546 660 1599 Heinrici.
736 1544 850 1598 Hoc
888 1543 1073 1597 funere
1111 1543 1406 1611 inperatrix
1436 1543 1805 1596 Ethelheidisk
1842 1548 2015 1596 mater
2055 1542 2288 1596 eiusdem

408 1636 571 1687 supra
620 1615 833 1669 modum
884 1615 1101 1668 turbata
1155 1614 1225 1668 ad
1270 1616 1645 1684 imperatorem
1690 1615 1938 1668 nuntium
1982 1614 2152 1680 misit,
2198 1615 2290 1684 qui

406 1694 460 1743 et
492 1689 693 1742 obitum
726 1689 839 1742 eius
871 1687 996 1740 huic
1027 1687 1404 1740 innotesceretl
1446 1693 1499 1741 et
1524 1688 1832 1756 equivocam
1868 1704 2021 1740 suam
2053 1703 2291 1740 sororem

407 1762 521 1814 eius
559 1761 685 1814 huic
724 1759 1008 1813 succedere
1039 1759 1351 1827 postularet.
1430 1760 1595 1813 Cesar
1625 1759 1728 1827 piis
1759 1776 2034 1812 assensum
2066 1758 2291 1827 prebens

407 1833 689 1887 desideriis
746 1833 944 1885 amitae
995 1833 1190 1884 suimet
1234 1849 1416 1884 necem
1455 1829 1614 1884 deflet
1662 1837 1713 1884 et
1750 1831 2029 1884 abbaciam
2067 1830 2292 1883 dilectae

407 1906 601 1959 suimet
648 1921 933 1973 germanae
982 1903 1099 1975 [per
1137 1903 1440 1956 Becelinum
1487 1902 1820 1975 portitorem]
1870 1904 2018 1972 virga
2063 1921 2096 1955 a
2139 1903 2292 1972 longe

408 1977 672 2031 commisit
703 1994 870 2030 aurea
901 1981 968 2040 et,
1001 1980 1062 2028 ut
1091 1975 1158 2028 ab
1191 1976 1437 2045 episcopo
1470 1975 1871 2028 benediceretur
1902 1973 2139 2039 Arnulf0‚
2176 1992 2293 2042 pre-

409 2050 561 2117 cepit.
645 2047 1057 2102 Aethelheidism
1102 2058 1281 2100 autem
1331 2047 1629 2114 inperatrix
1681 2047 1886 2111 urbem,
1947 2065 2084 2115 quae
2138 2046 2293 2100 Celsa

407 2120 692 2186 vocatur²‚
773 2117 1029 2191 [interim]
1108 2117 1359 2173 edificans
1435 2119 1672 2173 collectis
1748 2118 1945 2171 ibidem
2021 2118 2293 2171 monachis

408 2192 759 2262 omnibusque
820 2191 1073 2260 perfectis
1129 2192 1184 2243 in
1241 2190 1426 2244 eodem
1475 2209 1615 2244 anno
1665 2191 1805 2246 XVI.
1853 2190 1971 2244 Kal.
2018 2188 2293 2243 Ianuarii-⁹»

410 2264 646 2334 gaudens
693 2264 948 2334 appeciit,
1002 2263 1066 2316 de
1113 2262 1303 2332 quibus
1350 2268 1467 2316 orta
1512 2263 1636 2328 fuit;
1692 2263 1843 2316 cuius
1888 2261 2033 2315 fideli
2079 2263 2293 2316 servitio

410 2339 553 2390 iusta
596 2353 1007 2404 recompensans
1051 2336 1259 2404 premia
1307 2336 1453 2388 Deus
1503 2334 1573 2388 ad
1615 2334 1854 2388 tumbam
1902 2335 2017 2387 eius
2061 2334 2294 2404 plurima

408 2408 566 2461 hodie
621 2415 875 2478 operatur
928 2407 1204 2462 miracula.
1313 2406 1482 2480 [Papa
1544 2424 1755 2476 quoque
1815 2406 2106 2475 Gregorius
2161 2405 2293 2459 bene

410 2481 682 2550 dispositis
731 2481 931 2532 Romae
979 2478 1221 2532 omnibus
1266 2478 1334 2533 Il.
1383 2478 1563 2533 Nonas
1600 2478 1917 2532 Februarii4
1964 2477 2118 2543 obiit,
2167 2477 2294 2531 Ger-

412 2553 563 2606 berto
604 2552 706 2605 sibi
743 2569 864 2605 mox
903 2551 1216 2604 succedente
1231 2549 1346 2622 5·¹¹.]

550 2624 635 2679 44.
662 2623 796 2694 (28.)
837 2623 994 2676 *Post
1016 2622 1148 2676 haec
1171 2624 1461 2692 imperator
1483 2623 1791 2677 Gisillerum
1818 2621 2294 2691 archiepiscopum,
2319 2633 2336 2651 *
2377 2644 2421 2667 o·

411 2715 471 2750 00
503 2695 647 2766 quod
678 2696 810 2749 duas
840 2700 1047 2748 teneret
1075 2695 1404 2764 parrochias,
1453 2696 1508 2748 in
1540 2694 1725 2748 sinodo
1765 2712 2021 2747 accusans
2051 2694 2293 2747 Romana

410 2768 674 2822 iudici*ali
728 2785 848 2821 eum
901 2768 1166 2820 sententia
1218 2766 1286 2820 ab
1338 2767 1508 2820 offitio
1562 2765 1816 2834 suspendi
1868 2784 1932 2818 ac
1984 2783 2079 2833 per
2131 2767 2293 2819 inter-

409 2841 623 2895 nuntios
676 2839 743 2892 ab
798 2839 1093 2908 apostolico
1147 2839 1372 2892 eundem
1424 2839 1515 2892 illo
1566 2840 1744 2892 vocari
1806 2837 2094 2907 precepitss.
2193 2838 2295 2902 Qui

410 2942 447 2984 a)
479 2943 622 2982 piorum
652 2943 685 2973 Β
707 2941 846 2973 videtur
876 2941 1071 2980 scripsisse,
1101 2949 1187 2973 corr.
1214 2941 1254 2972 T.
1372 2939 1410 2980 b)
1445 2941 1592 2972 alterum
1623 2949 1640 2971 s
1671 2939 1756 2971 add.
1784 2941 1824 2972 T.
1946 2938 1980 2980 0)
2015 2938 2232 2971 Linderdam
2262 2940 2292 2970 1.

411 2986 448 3026 d)
472 2985 605 3018 amoris
629 2986 660 3025 2,
685 2984 725 3016 A.
744 2984 781 3017 S.
807 2993 841 3015 α.
860 2982 941 3016 999.
1045 2983 1079 3023 0)
1102 2984 1135 3015 ir
1157 2982 1245 3016 add.
1266 2983 1304 3014 T.
1406 2982 1437 3023 f)
1459 2989 1581 3015 autem
1605 2993 1741 3015 erasum
1764 2983 1801 3014 iu
1826 2981 1900 3014 cod.
1919 2984 1955 3022 13
1980 2984 2089 3014 eaestat
2111 2992 2168 3021 ap.
2193 2982 2235 3014 A.
2254 2983 2292 3014 S.

410 3029 448 3070 g)
470 3039 494 3061 n
510 3038 648 3061 erasum
665 3031 695 3060 1.
786 3027 827 3067 h)
849 3025 1181 3058 hillinessemensis
1196 3028 1229 3058 B
1244 3027 1397 3065 saepius.
1487 3026 1515 3066 i)
1542 3027 1639 3058 atavi
1656 3028 1700 3058 B.
1790 3025 1830 3068 k)
1856 3025 2083 3057 adhelheidis
2107 3026 2135 3057 V
2151 3035 2294 3066 semper.

409 3074 438 3114 l)
462 3073 511 3104 ita
536 3072 582 3109 V,·
603 3071 790 3103 innoceret
813 3072 857 3102 B.
961 3069 1012 3110 m)
1035 3068 1217 3101 aetheldis
1241 3071 1288 3110 Β;
1316 3070 1377 3102 hei
1400 3069 1484 3101 add.
1501 3071 1541 3102 Τ.
1643 3070 1681 3110 n)
1706 3070 1805 3108 Papa
1822 3068 2081 3100 -u-suocedente
2105 3069 2243 3108 scripsit
2267 3069 2299 3100 Τ

412 3117 449 3148 in
472 3118 543 3148 loco
565 3124 672 3147 vacuo
694 3115 822 3146 relicto.

414 3188 456 3240 1)
487 3188 593 3232 Sine
624 3187 760 3231 dubio
791 3199 844 3230 ex
875 3199 943 3240 ea,
986 3198 1101 3241 quae
1125 3186 1276 3240 periit,
1326 3185 1587 3242 Necroloyiz'
1618 3186 1757 3229 Mers.
1783 3190 1938 3240 11111το,-
1986 3185 2105 3228 Anu.
2139 3184 2293 3236 Quedl.

414 3260 456 3289 a.
486 3246 570 3290 999
601 3250 643 3289 et
672 3244 852 3288 Necrol.
884 3243 1055 3287 Luneb.
1095 3243 1261 3287 habent
1301 3243 1407 3286 VII.
1438 3242 1531 3296 Id„
1575 3243 1695 3286 Arm.
1735 3243 1914 3287 Necrol.
1953 3243 2094 3287 Fuld.
2133 3256 2177 3285 a.
2208 3242 2292 3288 999

417 3304 497 3347 VI.
529 3303 602 3347 Id.
705 3301 748 3356 2)
782 3301 883 3345 Sele
905 3301 1120 3356 oppidum
1145 3300 1354 3344 Alsatz‘ae
1378 3299 1621 3344 Adelheidz'
1651 3301 1707 3344 ab
1734 3300 1892 3344 Ottone
1914 3302 1956 3342 I.
1988 3301 2072 3345 968
2097 3301 2214 3344 Nov.
2240 3302 2294 3345 16

412 3360 520 3411 (Do
543 3362 583 3411 I,
615 3360 720 3412 368)
759 3360 927 3403 datum.
1067 3356 1111 3408 3)
1157 3359 1237 3402 Ex
1276 3359 1455 3403 Necrol.
1495 3359 1662 3409 Mers.‚·
1706 3358 1759 3401 de
1799 3357 1895 3402 vita
1933 3357 2196 3413 Adelheidis
2236 3356 2291 3407 cf.

414 3417 704 3473 Benteinyer,
737 3417 846 3460 diss.
869 3417 1016 3460 Bresl.
1051 3416 1174 3460 1883.
1291 3415 1334 3469 4)
1368 3416 1423 3459 A.
1449 3415 1532 3459 999
1563 3419 1786 3459 mortuum
1818 3429 1915 3458 eum
1947 3428 2040 3459 esse
2069 3420 2219 3459 noster
2246 3415 2295 3458 in

415 3478 536 3518 Arm.
570 3475 723 3530 Quedl.
755 3474 939 3527 invenit,
971 3474 1087 3517 diem
1117 3472 1274 3517 mortis
1305 3486 1359 3516 ex
1397 3473 1569 3516 Necrol.
1603 3473 1794 3517 Merseb.
1826 3473 2003 3517 videtur
2032 3471 2291 3527 sumpsisse.

415 3531 458 3584 5)
499 3532 705 3576 Silvestri
731 3533 801 3574 ΙΙ.
834 3544 965 3586 papa
1001 3531 1291 3580 999—100&
1335 3528 1394 3582 ef.
1431 3531 1540 3584 VII,
1571 3531 1640 3575 40.
1777 3531 1819 3582 6)
1862 3531 1935 3573 De
1966 3530 2083 3574 actis
2119 3529 2300 3574 concilii

418 3589 539 3632 illius
566 3589 791 3644 yeneralis
822 3603 851 3632 a
883 3588 1098 3643 Greyorz‘o
1127 3588 1177 3631 V.
1209 3600 1335 3642 papa
1365 3593 1598 3641 praesente
1627 3588 1895 3642 imperatore
1926 3594 2007 3631 aut
2035 3592 2218 3631 exeunte
2249 3600 2290 3629 a.

419 3645 503 3689 998
536 3651 619 3688 aut
646 3646 754 3690 inito
785 3646 868 3690 999
899 3646 1071 3689 Romae
1100 3645 1248 3689 habiti
1277 3646 1334 3698 cf.
1365 3642 1500 3698 Iaffe‘,
1533 3644 1758 3700 ‘Reyesta'
1791 3642 1861 3699 21,
1886 3657 1934 3699 p.
1959 3645 2056 3689 494.
