2456 4036
370 287 454 330 148
879 281 1215 327 'I'HIETMARI
1246 279 1461 325 CHRON.
1521 281 1634 325 LIB.
1665 282 1742 325 VI.

215 420 337 466 1005.
370 410 439 462 ad
478 410 831 477 expeditionis
869 408 1193 470 necessaria,
1241 413 1294 459 et
1331 411 1459 459 tunc
1498 424 1592 473 per
1634 406 1861 476 pedites,
1907 407 2031 461 hinc
2075 410 2245 462 nulla-

367 487 521 534 tenus
560 485 853 532 moventur.

511 553 593 605 24.
656 551 735 602 Ad
775 550 907 601 haec
946 549 1151 601 curiose
1189 547 1387 599 tuenda
1426 548 1658 601 ministri
1687 554 1813 601 sunt
1843 550 2148 618 specialiter
2177 551 2245 604 ab

366 623 630 689 indigenis
670 620 964 673 constituti.
1032 618 1134 681 Qui
1173 637 1292 671 cum
1330 619 1435 671 11110
1472 618 1630 672 idolis
1667 620 1946 674 immolare
1985 639 2080 674 seu
2110 623 2245 674 iram

368 693 651 746 eorundem
689 692 903 760 placare
942 690 1282 753 conveniunt,
1334 690 1518 742 sedent
1557 690 1632 743 hii
1671 691 1980 745 dumtaxata
2019 694 2244 746 caeteris

367 764 694 816 asstantibus
756 767 809 814 et
866 762 1090 814 invicem
1150 762 1450 813 clanculum
1516 767 1815 815 mussantes
1874 770 2074 816 terram
2126 782 2246 817 cum

366 841 595 887 tremore
634 834 924 895 infodiunt,
983 850 1088 900 quo
1128 832 1362 885 sortibus
1402 833 1611 885 emissis
1655 851 1833 886 rerum
1873 835 2246 888 certitudinem

365 904 648 958 dubiarum
706 906 1036 974 perquirant.
1146 904 1349 968 Quibus
1407 904 1571 957 finitis
1644 906 1843 972 cespite
1899 906 2057 958 viridi
2116 905 2245 979 [eas]

367 977 665 1045 operientes
719 994 936 1043 equum,
998 976 1090 1042 qui
1135 977 1398 1028 maximus
1451 976 1590 1028 inter
1636 976 1770 1028 alios
1815 976 2045 1030 habetur
2091 986 2144 1031 et
2187 985 2247 1031 ut

366 1065 517 1100 sacer
562 1047 630 1100 ab
676 1048 758 1100 his
797 1053 1102 1112 veneratur,
1151 1065 1310 1115 super
1354 1046 1488 1100 fixas
1534 1047 1589 1098 in
1635 1053 1834 1100 terram
1880 1048 2109 1101 duarum
2155 1067 2245 1102 cu-

367 1119 576 1187 spidesb
622 1119 897 1171 hastilium
942 1120 1084 1171 inter
1128 1136 1182 1170 se
1228 1119 1687 1171 trans*missarum
1727 1119 1954 1188 supplici
1992 1120 2287 1188 obsequio*

367 1191 585 1253 ducunt,
633 1197 685 1243 et
724 1191 995 1257 premissis
1034 1189 1284 1254 sortibUS,
1332 1188 1545 1262 [quibus
1583 1189 1656 1262 id]
1705 1192 2043 1258 exploravere
2081 1193 2245 1260 priUS,

367 1279 461 1330 per
491 1262 634 1314 hunc
666 1263 820 1331 quasi
853 1262 1090 1314 divinum
1123 1261 1295 1315 denuo
1329 1263 1697 1329 auguriantur.
1773 1263 1845 1315 Et
1874 1264 1918 1316 si
1950 1264 2005 1315 in
2038 1262 2246 1317 duabus

364 1335 467 1386 hiis
505 1333 664 1386 rebus
702 1351 800 1403 par
840 1351 994 1386 omen
1033 1339 1271 1402 apparet,
1311 1333 1471 1386 factis
1508 1334 1825 1402 completur;
1866 1336 1948 1386 sin
1979 1340 2174 1400 autem,
2214 1352 2247 1388 a

363 1405 610 1474 tristibus
669 1406 880 1474 populis
938 1405 1038 1458 1100
1095 1423 1314 1474 prorsus
1375 1405 1689 1458 omittiturl.
1790 1405 2042 1458 Testatur
2106 1406 2247 1460 idem

366 1477 657 1545 antiquitas
704 1495 882 1530 errore
927 1477 1113 1529 delusa
1162 1478 1361 1541 varioss,
1410 1478 1453 1528 si
1500 1476 1714 1545 quando
1762 1476 1843 1530 his
1890 1495 2016 1530 seva
2060 1478 2247 1546 longae

364 1549 670 1601 rebellionis
725 1549 1047 1618 assperitasd
1098 1549 1396 1610 immineat,
1453 1554 1512 1601 ut
1563 1567 1590 1600 e
1642 1549 1779 1600 mari
1824 1549 2066 1617 predicto
2119 1566 2249 1617 aper

366 1638 590 1689 magnus
631 1626 684 1673 et
724 1619 951 1673 candido
999 1620 1156 1672 dente
1204 1638 1231 1672 e
1279 1620 1479 1687 spumis
1534 1619 1837 1672 lucescente
1882 1626 2039 1673 exeat
2087 1638 2249 1690 seque

366 1694 420 1745 in
458 1693 738 1745 volutabro
777 1693 1097 1745 delectatum
1139 1691 1367 1744 terribili
1396 1692 1741 1759 quassatione
1773 1691 1955 1744 multis
1986 1693 2247 1748 ostendat.

510 1767 593 1819 25.
628 1763 760 1834 (18.)
816 1765 958 1828 Quot
991 1764 1233 1831 regiones
1266 1767 1390 1816 sunt
1420 1764 1476 1814 in
1514 1763 1596 1815 his
1633 1762 1892 1831 partibUS,
1930 1769 2010 1817 tot
2046 1764 2247 1832 templa

365 1835 634 1888 habentur
709 1842 762 1888 et
828 1835 1116 1887 simulacra
1176 1836 1460 1888 demonum
1536 1834 1746 1902 singula
1816 1833 1883 1886 ab
1942 1834 2248 1888 infidelibus

367 1908 630 1972 coluntur,
669 1909 811 1960 inter
843 1925 980 1975 quae
1013 1908 1201 1959 civitas
1233 1911 1692 1975 supramemorata
1719 1906 2069 1975 principalem
2100 1912 2250 1960 tenet
2455 1955 2456 1958 ,

368 1980 749 2034 monarchiam.
833 1979 986 2031 Hanc
1035 1979 1106 2030 ad
1154 1978 1348 2031 bellum
1397 1983 1745 2046 properantes
1790 1979 2049 2042 salutant,
2099 1978 2249 2031 illam
2452 1977 2456 2042 ξ

366 2068 619 2120 prospere
678 2050 961 2103 redeuntes
1022 2049 1330 2103 muneribus
1388 2049 1584 2102 debitis
1643 2050 1911 2103 honorant
1978 2055 2051 2114 et,
2113 2067 2250 2119 quae
2448 2048 2456 2068 ⁷¹

366 2123 648 2192 placabilis
689 2123 863 2175 hostia
902 2123 1005 2174 diis
1044 2121 1227 2174 offerri
1261 2140 1293 2173 a
1324 2121 1582 2174 ministris
1616 2121 1823 2186 debeat,
1862 2139 1958 2190 per
1988 2126 2156 2175 sortes
2187 2139 2250 2175 ac

366 2212 461 2263 per
499 2213 709 2263 equum,
748 2195 887 2246 sicut
925 2193 1168 2262 prefatus
1204 2211 1337 2258 sum,
1375 2193 1660 2261 diligenter
1689 2193 1993 2261 inquiritur.
2065 2192 2249 2246 Homi-

369 2284 495 2318 num
535 2284 598 2318 ac
636 2267 892 2332 sanguine
930 2265 1194 2334 pecudum
1232 2264 1520 2317 ineffabilis
1551 2264 1742 2317 horum
1773 2264 1924 2317 furor
1955 2265 2248 2332 mitigatur.

368 2337 488 2390 Hiis
549 2335 766 2410 [autem]
829 2337 1099 2402 0010111110,
1163 2337 1255 2405 qui
1315 2337 1665 2389 communiter
1723 2336 1920 2389 Liutici
1977 2341 2249 2400 vocantur,

369 2409 617 2462 dominus
656 2409 957 2478 specialiter
995 2426 1099 2461 non
1135 2407 1375 2476 presidet
1407 2408 1562 2462 1111110.
1641 2407 1890 2460 Unanimi
1929 2408 2149 2461 consilio
2180 2407 2251 2460 ad

368 2481 627 2548 placitum
666 2482 861 2534 suimet
899 2481 1202 2533 necessaria
1248 2479 1601 2533 discucientes
1656 2480 1711 2532 in
1735 2479 1918 2534 ,rebus
1956 2478 2251 2532 efficiendis

371 2569 554 2605 omnes
601 2552 942 2606 concordant.
1034 2552 1089 2604 Si
1134 2552 1252 2620 quis
1298 2569 1420 2604 vero
1468 2551 1561 2604 *ex
1607 2550 2143 2619 comprovincialibus
2194 2553 2250 2604 in

367 2625 566 2693 placito
606 2625 708 2678 hiis
748 2623 1080 2688 contradicit,
1128 2623 1361 2676 fustibus
1399 2622 1709 2675 verberatur
1755 2627 1823 2687 et,
1871 2622 1916 2675 si
1954 2621 2250 2676 forinsecus

368 2697 547 2765 palam
586 2697 808 2760 resistit,
857 2702 952 2748 aut
990 2696 1170 2748 omnia
1208 2695 1453 2748 incendio
1492 2701 1545 2747 et
1583 2695 1835 2747 continua
1873 2693 2250 2763 depredatione

367 2768 546 2837 perdit
598 2773 693 2820 aut
737 2769 791 2820 in
837 2785 1022 2820 eorum
1067 2769 1337 2835 presentia
1393 2785 1490 2835 pro
1536 2766 1799 2835 qualitate
1854 2784 1952 2818 sua
1996 2766 2253 2834 pecuniae

369 2840 623 2908 persolvit
676 2840 1033 2908 quantitatem
1086 2838 1314 2893 debitae.
1410 2837 1656 2891 Infideles
1708 2838 1813 2906 ipsi
1865 2842 1918 2890 et
1967 2837 2253 2891 mutabiles

369 2912 473 2980 ipsi
531 2911 1007 2964 inmutabilitatem
1060 2919 1152 2963 30θ
1209 2927 1454 2979 magnam
1509 2910 1728 2978 exigunt
1779 2908 1846 2962 ab
1900 2908 2022 2962 aliis
2076 2907 2250 2964 fidem.

370 2984 565 3036 Pacem
603 2983 796 3036 abraso
836 2983 982 3035 crine
1020 2999 1268 3049 supremo
1309 2987 1361 3034 et
1399 2999 1518 3034 cum
1557 2982 1794 3049 gramine
1829 2980 2075 3049 datisque
2105 2979 2253 3033 affir-

371 3060 520 3108 mant
579 3055 795 3109 dextris.
893 3054 974 3106 Ad
1034 3054 1173 3106 hanc
1234 3051 1451 3125 [autem]
1511 3052 1932 3120 perturbandam
1991 3058 2044 3105 et
2094 3051 2252 3106 facile

369 3127 598 3195 pecunia
637 3131 1066 3196 corrumpuntur.

513 3199 606 3250 Hii
665 3198 884 3262 milites,
964 3196 1232 3266 quondam
1292 3197 1429 3249 servi
1504 3196 1809 3265 nostrisque
1876 3194 2253 3264 iniquitatibus

371 3275 498 3323 tunc
551 3270 727 3331 liberi,
782 3270 882 3322 tali
935 3267 1230 3322 comitatu2
1281 3267 1352 3321 ad
1403 3285 1581 3336 regem
1631 3266 1998 3320 auxiliandum
2045 3265 2254 3335 profici-

371 3347 610 3394 scuntur.
685 3342 884 3395 Eorum
924 3359 1044 3394 cum
1081 3341 1229 3394 cultu
1259 3341 1549 3405 consorcia,
1588 3339 1772 3404 lector,
1810 3338 2003 3406 fugiaS,
2051 3338 2254 3391 divina-

373 3458 408 3495 0)
430 3456 604 3488 duxtaxat
621 3459 653 3489 1.
742 3455 780 3496 b)
805 3456 955 3497 cupides
971 3458 1005 3488 1.
1094 3456 1130 3497 0)
1154 3455 1256 3487 varia
1271 3456 1316 3486 B.
1405 3454 1441 3492 d)
1459 3455 1614 3495 primum
1630 3464 1647 3486 s
1664 3463 1801 3486 erasum
1817 3456 1847 3486 1.
1938 3452 1972 3494 e)
1995 3455 2032 3485 et
2046 3450 2254 3494 mutabiles,

373 3503 410 3531 uc
430 3499 578 3540 videtur,
603 3500 740 3532 iteravit
759 3501 811 3540 B3
836 3499 1151 3531 inmutabilitatem
1174 3507 1216 3530 ac
1238 3507 1322 3530 corr.
1342 3498 1382 3530 T.

376 3585 416 3636 1)
450 3585 521 3639 Cf.
552 3588 592 3629 I.
618 3586 808 3689 ἳζὲνὲυτ,
840 3584 1083 3631 ‘Deutsche
1114 3585 1406 3642 Mytholoyie'
1438 3586 1508 3639 II,
1540 3585 1623 3629 551
1649 3597 1710 3641 sq.
1842 3582 1886 3636 2)
1930 3582 2002 3628 Sc.
2031 3581 2252 3626 idolorum

374 3655 571 3686 suorum.
763 3677 771 3687 .
