2456 4036
206 1273 303 1314 Aug.
320 1273 375 1306 28.

190 2324 275 2357 Iuv.
301 2322 376 2357 Sat.

196 2366 301 2409 VIII,
322 2368 376 2400 26.

180 2827 284 2860 Pers.
302 2825 377 2860 Sat.

210 2870 257 2913 v,
277 2871 354 2903 112.

399 280 482 324 106
895 274 1227 320 THIETMARI
1259 273 1476 318 CHRON.
1535 275 1649 318 LIB.
1680 275 1791 319 IIII.

399 405 682 468 oblivione,
729 403 821 471 qui
858 401 1131 469 proximos
1169 400 1364 453 suimet
1401 399 1590 453 dilexit
1627 401 1806 454 divina
1842 401 2093 456 iussione.
2176 401 2278 455 Hic

398 475 788 543 archiepiscopi
807 472 1032 524 Geronis
1050 471 1067 506 ¹
1092 471 1384 524 avunculus
1408 471 1526 535 fuit,
1545 477 1599 525 et
1621 473 1690 525 ad
1719 471 2075 540 peragendam
2101 472 2279 540 iugem

402 548 602 601 Christi
638 545 991 606 servitutema‚
1033 546 1095 594 ut
1131 542 1186 593 in
1223 541 1437 595 homine
1467 548 1644 610 potest
1673 543 1806 607 fieri,
1845 543 2087 597 voluntas
2116 548 2278 610 atque

399 617 640 672 efficacia
684 616 739 666 in
785 631 847 666 eo
893 613 1098 680 pariter
1143 614 1400 666 convenit.
1484 614 1677 668 Audivi
1720 633 1950 684 namque
1988 613 2056 667 ab
2095 614 2278 668 eodem

400 688 692 757 sepissime,
719 684 877 751 quod,
897 689 1182 753 postquam
1202 685 1408 753 aliquid
1429 685 1695 739 cantando
1720 686 1802 739 vel
1823 685 2044 754 legendo
2067 684 2279 754 publice

401 758 676 827 conplevit,
708 757 902 809 iterum
933 773 988 809 se
1019 755 1075 808 id
1106 755 1373 809 facturum
1406 756 1678 810 studiosus
1702 758 1917 826 optavit.
1976 756 2281 825 Numquam

397 829 707 884 inobediens
744 827 1032 896 prepositis
1070 828 1266 880 suimet
1303 833 1436 893 erat,
1476 828 1568 881 sed
1608 846 1699 882 eos
1737 829 1961 882 caritate
1997 829 2280 882 continuab

400 919 520 956 cum
557 900 748 953 ceteris
788 898 1147 952 confratribus
1187 899 1579 968 subiugaverat.
1665 900 1768 954 Sed
1812 906 1925 953 tam
1963 899 2281 953 venerabilis

397 989 626 1041 persona
677 971 885 1024 caesari
936 970 1177 1038 predicto
1231 970 1324 1023 ubi
1375 971 1547 1038 primo
1593 970 1654 1024 fit
1703 976 1852 1036 nota,
1906 988 2031 1024 mox
2075 970 2143 1024 ab
2187 971 2281 1025 illo

399 1044 632 1097 efficitur
686 1047 869 1095 amata
919 1042 1417 1111 propinquitatique
1474 1043 1669 1096 suimet
1719 1044 2017 1097 coniuncta.
2110 1042 2281 1108 Hunc,

397 1134 464 1170 ne
511 1115 825 1182 dignitatem
873 1119 1115 1181 optatam
1160 1119 1215 1166 et
1258 1114 1326 1166 ab
1371 1120 1600 1182 augusto
1646 1115 1750 1168 sibi
1793 1115 2121 1184 propositam
2164 1132 2283 1183 per-

398 1188 622 1257 ciperet,
672 1203 814 1238 mors
852 1186 1124 1238 inmatura
1159 1186 1368 1255 inpedit
1413 1185 1747 1255 eundemque
1785 1186 1853 1239 ab
1891 1187 1992 1240 hac
2029 1186 2181 1239 lucec
2217 1185 2281 1239 V.

399 1259 519 1315 Kal.
553 1256 887 1326 Septembr.2
925 1256 1163 1311 abstulit.
1239 1257 1341 1310 Hic
1378 1257 1587 1326 genitus
1632 1258 1687 1310 in
1727 1258 1961 1312 Saxonia
1998 1262 2191 1325 pausat
2227 1257 2284 1310 in

397 1331 573 1395 ltalia,
613 1347 770 1398 quem
808 1328 979 1381 filium
1018 1329 1353 1397 spiritualem
1390 1328 1482 1382 flet
1519 1329 1923 1399 Parthenopolis
1961 1329 2184 1399 inclita]

541 1403 626 1456 75.
667 1400 801 1472 (51.)
861 1400 1056 1469 [Quam
1094 1401 1299 1469 egreios
1329 1417 1579 1470 proceres
1610 1401 1665 1453 in
1695 1401 1797 1454 hac
1827 1401 1959 1454 urbe
1990 1400 2114 1466 vidi,
2153 1416 2282 1469 quo·

396 1492 516 1527 rum
566 1472 892 1527 laudabilem
929 1474 1095 1526 vitam
1140 1489 1237 1539 pro
1285 1472 1464 1526 debito
1510 1490 1608 1525 nec
1656 1490 1772 1526 sum
1818 1473 2062 1525 imitatus
2109 1488 2283 1540 neque

397 1547 709 1599 memoriam
754 1561 938 1598 eorum
982 1548 1104 1612 post
1149 1544 1468 1597 solutionem
1506 1545 1684 1597 carnis
1723 1544 2088 1613 *assequutus
2167 1543 2285 1596 Heu

397 1636 481 1672 me
519 1617 767 1671 miserod!
821 1616 914 1685 qui
951 1620 1031 1668 tot
1068 1616 1343 1684 tantisque
1388 1616 1658 1668 immerito
1705 1634 1823 1669 sum
1869 1616 2184 1668 coniunctus
2228 1615 2285 1666 in

397 1690 760 1752 fraternitate,
822 1687 915 1740 sed
974 1687 1131 1756 longe
1183 1687 1459 1741 dissimilis
1512 1688 1684 1740 existo
1737 1689 1793 1740 in
1845 1687 2108 1755 condigna
2160 1702 2286 1739 con-

396 1762 721 1815 versacione.
808 1760 922 1827 Ego
967 1760 1023 1812 in
1066 1759 1304 1828 peccatis
1349 1761 1457 1813 iam
1501 1776 1636 1828 pene
1681 1764 1946 1824 mortuus,
2000 1763 2062 1811 ut
2114 1774 2284 1826 sper0,

396 1835 568 1886 vivam
606 1834 663 1885 in
699 1832 877 1884 lucido
916 1836 1202 1899 conspectu
1241 1832 1342 1884 Dei
1380 1830 1669 1885 eorundem
1707 1832 1912 1884 meritis
1949 1830 2283 1894 refocilatu83

397 1906 526 1975 quia
564 1906 663 1958 etsi
701 1905 757 1956 in
794 1903 894 1956 hoc
934 1903 1111 1956 seculo
1148 1921 1339 1972 parum
1370 1903 1496 1956 boni
1528 1908 1780 1972 operatus
1814 1920 1945 1964 sum,
1985 1907 2165 1955 tamen
2196 1901 2285 1954 de-

399 1980 706 2030 functorum
738 1993 948 2043 semper
978 1992 1183 2028 memor
1212 1993 1345 2029 sum.
1399 1975 1662 2028 Voluntas
1695 1992 1814 2027 mea
1843 1973 2111 2027 interdum
2147 1972 2286 2026 bona

400 2054 501 2114 est3
535 2048 628 2101 sed
658 2048 785 2116 quia
817 2047 988 2100 eidem
1019 2047 1158 2100 vires
1189 2051 1346 2115 aptas
1377 2056 1689 2116 suggereree
1719 2064 1824 2099 non
1857 2045 2062 2110 studeO,
2092 2061 2287 2113 parum

397 2119 631 2189 prodest.
720 2120 938 2188 Semper
984 2136 1070 2171 me
1118 2135 1337 2183 accUSO,
1388 2118 1483 2172 sed
1531 2119 1670 2172 sicut
1718 2118 1879 2171 debui
1926 2123 2136 2170 reatum
2180 2133 2286 2169 non

399 2192 563 2257 solvo3
620 2209 844 2260 sumque
891 2190 1011 2244 ideo
1063 2191 1119 2243 in
1165 2189 1410 2243 omnibus
1456 2189 1824 2259 corrigibilisf,
1879 2189 2007 2257 quia
2053 2206 2136 2241 me
2180 2204 2287 2240 non

400 2269 646 2317 converto
684 2262 755 2316 ad
792 2280 928 2326 eum,
977 2263 1070 2331 qui
1108 2266 1190 2314 est
1228 2279 1389 2329 super
1427 2262 1605 2315 omnia
1648 2261 1952 2314 laudabilis,
2039 2261 2286 2330 Aynosce,

401 2337 587 2399 lector,
635 2343 955 2406 proceremg,
1017 2340 1071 2386 et
1114 2333 1319 2387 videbis
1364 2334 1420 2386 in
1457 2351 1540 2387 me
1593 2351 1815 2403 parvum
1867 2332 2284 2396 homuntionem,

399 2407 621 2461 maxilla
645 2406 938 2459 deformem
961 2406 1078 2458 leva
1110 2411 1162 2459 et
1185 2406 1353 2458 latere
1377 2405 1607 2470 *eodem‚
1645 2406 1772 2474 quia
1803 2405 1924 2457 hinc
1950 2403 2078 2456 olim
2108 2402 2284 2471 erupit
2308 2426 2326 2444 *

400 2497 609 2548 semper
653 2478 996 2546 turgescensh
1041 2476 1240 2531 fistula.
1322 2475 1498 2530 Nasus
1543 2478 1600 2529 in
1636 2476 1876 2545 puericia
1914 2475 2118 2528 fractus
2155 2474 2286 2527 ridi-

401 2552 579 2605 culum
633 2549 698 2603 de
751 2568 834 2603 me
885 2549 1032 2603 facit.
1123 2549 1293 2617 quue
1346 2552 1520 2601 totum
1572 2549 1648 2600 nil
1707 2552 1926 2616 questus
1987 2563 2179 2610 essem,
2239 2545 2286 2598 si

400 2624 628 2677 interius
666 2621 872 2690 aliquid
910 2620 1348 2690 splendescerem.
1422 2620 1576 2673 Nunc
1614 2638 1731 2673 sum
1770 2620 1946 2684 miser,
1984 2619 2141 2671 nimis
2180 2618 2285 2670 ira-

401 2694 607 2748 cundus
654 2699 707 2746 et
743 2693 814 2746 ad
850 2694 1071 2746 meliora
1108 2691 1431 2758 inflexibilis,
1479 2691 1706 2756 invidus,
1758 2691 2093 2743 subsannans
2130 2689 2283 2754 alios,

400 2768 514 2836 ipse
545 2765 883 2830 deridenduS,
923 2765 1058 2817 nulli
1089 2782 1185 2833 pro
1216 2763 1398 2817 debito
1434 2781 1673 2832 parcenS,
1712 2764 1875 2833 ylutto
1906 2767 1960 2815 et
1989 2761 2286 2825 simulator,

402 2838 620 2892 avarusi
658 2842 711 2890 et
748 2837 1019 2889 detractor
1063 2843 1132 2901 et,
1171 2842 1232 2888 ut
1267 2835 1400 2888 haec
1438 2835 1705 2889 *convicia
1742 2834 1932 2886 merito
1970 2833 2123 2886 illata
2161 2849 2285 2885 con·
2308 2854 2327 2874 *

402 2910 630 2974 cludam,
670 2910 820 2977 peior
858 2926 991 2973 sum,
1031 2925 1194 2977 quam
1230 2909 1401 2976 possit
1439 2907 1552 2965 dici,
1582 2906 1665 2960 vel
1702 2905 1970 2959 ullatenus
2009 2904 2283 2957 estimarii.

401 2982 703 3049 Unicuique
735 2982 805 3034 sit
835 2979 917 3032 fas
948 2997 1053 3032 non
1086 2979 1256 3032 solum
1288 2978 1722 3047 muttirek,.quin
1753 2978 1938 3046 pocius
1969 2976 2026 3028 in
2057 2975 2282 3044 apertol,

401 3055 529 3123 quia
568 3058 818 3121 peccator
856 3069 995 3116 sum,
1045 3050 1244 3115 dicere,
1298 3055 1353 3104 et
1390 3056 1510 3118 post
1556 3049 1944 3116 correptionem
1990 3047 2287 3100 fraternam

402 3126 645 3195 congruit
690 3124 1006 3192 suppliciter
1053 3140 1222 3178 orare.
1304 3122 1462 3175 Multi
1507 3139 1539 3175 a
1583 3121 1778 3190 populo
1822 3119 2136 3183 laudantur,
2183 3118 2288 3171 nisi

399 3215 571 3267 pauca
616 3214 702 3249 res
748 3197 825 3249 eis
870 3195 1129 3259 obstaret,
1178 3193 1324 3263 quod
1369 3194 1508 3246 inter
1554 3194 1787 3259 optimos
1833 3190 2180 3255 haberentur;
2236 3194 2289 3243 et

401 3311 437 3354 a)
458 3314 509 3344 ita
534 3303 573 3352 V}
599 3312 774 3343 servitem
793 3311 829 3343 Ο.
916 3308 956 3351 b)
981 3310 1150 3341 continuo
1170 3309 1204 3351 Ο,
1228 3319 1316 3342 corr.
1337 3309 1375 3340 Τ.
1465 3307 1500 3347 c)
1524 3306 1605 3339 luce
1620 3309 1651 3339 1.
1735 3305 1773 3347 d)
1798 3306 1973 3337 miserum
1998 3305 2033 3337 V.
2116 3304 2150 3345 e)
2172 3305 2222 3336 ita
2245 3303 2290 3340 V;

402 3364 556 3395 suggere
573 3355 609 3387 0.
690 3353 721 3394 f)
745 3354 1004 3391 incorrigibilis
1021 3354 1054 3385 2.
1135 3354 1171 3394 g)
1194 3353 1447 3392 proceritatem
1472 3351 1507 3382 V.
1583 3349 1623 3389 h)
1646 3350 1696 3381 ita
1722 3350 1763 3390 V3
1780 3352 1994 3388 turgeneens
2013 3348 2049 3380 0.
2136 3348 2163 3388 i)
2185 3346 2288 3379 verba

402 3407 535 3431 avarus
558 3416 601 3421 —
623 3399 783 3429 estimari
814 3399 851 3429 in
874 3398 906 3429 1.
932 3406 1032 3428 erasa
1054 3398 1155 3435 sun&
1191 3397 1326 3427 exstant
1356 3397 1465 3426 tamen
1496 3395 1534 3425 in
1566 3392 1640 3425 cod.
1658 3394 1698 3431 2,·
1734 3393 1795 3424 ubi
1817 3391 1864 3424 ad
1879 3393 1989 3433 finem
2012 3391 2159 3433 legitur:
2192 3400 2227 3431 q.
2251 3389 2286 3421 d.

401 3451 436 3482 p.
453 3451 490 3474 v.
517 3442 695 3474 estimari.
782 3439 822 3482 k)
844 3442 1003 3472 mutture
1029 3440 1066 3480 Ο,
1087 3439 1275 3471 correxisse
1298 3439 1331 3470 T
1349 3437 1499 3469 videtur.
1588 3436 1616 3478 1)
1639 3440 1721 3476 apto
1738 3436 1779 3476 σς
1802 3439 1885 3475 apte
1910 3435 1945 3467 V.

402 3528 445 3580 1)
479 3527 891 3583 Maydeburyensis
923 3526 1243 3576 1012-1023;
1288 3524 1420 3569 euius
1449 3528 1663 3579 parentes
1693 3522 1820 3566 Dedi
1857 3521 1910 3565 de
1949 3520 2288 3574 Wodenesweye

403 3589 444 3628 et
482 3586 679 3629 Eilicam
708 3584 859 3639 fuisse
896 3584 1017 3628 Ami.
1059 3582 1181 3627 Saxo
1221 3597 1264 3626 a.
1305 3582 1417 3626 1023
1456 3587 1498 3625 et
1535 3580 1676 3625 Gesta
1714 3579 1837 3623 arch.
1877 3578 2036 3633 Maqd.
2075 3591 2111 3621 c.
2143 3578 2197 3620 18
2234 3588 2288 3619 ex

405 3643 654 3698 antiquiore
685 3643 879 3697 quodam
900 3642 1032 3697 fonte
1062 3639 1278 3696 referunt.
1395 3638 1439 3691 2)
1473 3639 1653 3682 Necrol.
1679 3636 1838 3692 Mayd.
