2456 4036
746 236 1083 283 THIETMARI
1112 237 1328 284 CHRON.
1387 240 1502 286 LIB.
1532 241 1583 286 V.
2012 245 2094 288 123

227 362 580 443 Theodericus
619 363 730 415 solo
769 365 979 417 nomine
1019 365 1194 431 duces,
1241 366 1333 420 sed
1371 385 1475 420 non
1511 386 1585 431 re,
1623 367 1958 436 temptabant
1993 369 2093 423 hoc
2123 379 2247 424 1003.

226 433 500 501 impedire,
541 433 634 485 sed
671 433 918 499 frustraa,
966 437 1216 490 continuo
1254 438 1733 491 animadvertentes
1770 440 1978 492 auctori
2015 441 2094 493 iu-

226 506 406 558 stitiae
444 521 499 556 se
536 504 727 557 merito
767 506 1122 560 succumbere.
1205 508 1341 561 Nam
1378 527 1471 562 rex
1509 509 1779 578 quoddam
1817 510 2093 564 castellum

227 575 393 639 ducis,
439 574 712 641 Mulsberg
750 575 966 639 dictum,
1013 577 1078 629 ob
1116 578 1402 632 instantem
1438 583 1603 634 totius
1638 581 1823 650 populi
1867 581 2093 634 necessi-

225 651 388 700 tatem
413 645 616 698 destrui
654 651 707 697 et
728 652 789 697 ut
817 664 1104 714 numquam
1145 649 1557 715 reedificaretur,
1590 650 1814 704 firmiter
1840 653 2094 721 precepit.

368 718 452 772 28.
504 715 623 769 Hiis
654 715 855 785 absque
888 720 1210 772 remotioneb
1235 722 1378 773 omni
1410 723 1641 790 peractis
1677 740 1771 775 rex
1794 723 1864 776 ad
1891 724 2094 791 Aquas-

224 788 378 856 grani
421 788 523 840 iter
566 786 852 855 disposuit,
908 794 967 840 ut
1010 789 1087 841 ibi
1131 791 1551 844 anniversarium
1602 793 1799 846 domini
1844 800 1898 847 et
1947 799 2093 846 ante-

225 859 449 912 cessoris
488 858 572 910 sui
610 858 843 911 cesarisl
882 877 1090 912 summa
1134 861 1412 929 diligentia
1459 863 1744 932 compleret
1788 870 1841 918 et
1876 865 2093 917 Liutha·
2117 879 2199 911 1an·
2213 879 2267 911 24·

223 931 425 983 rienses
479 930 801 981 unanimiter
851 932 1206 986 convenirent.
1303 933 1468 996 Quem
1529 936 1767 1002 quamvis
1818 936 2093 1004 paululum

223 1000 468 1054 tardaret
514 1001 728 1053 interim
775 1001 963 1053 innata
1010 1002 1311 1066 infirmitas,
1367 1010 1543 1057 tamen
1596 1005 1664 1058 ad
1715 1005 2094 1074 perficiendum

223 1072 356 1125 inst-i
385 1071 636 1125 desiderii
665 1073 999 1139 propositum
1030 1072 1227 1126 Christi
1256 1074 1334 1126 illi
1365 1076 1620 1143 aspiravit
1643 1077 1779 1129 vires
1809 1077 2093 1130 ineffabilis

222 1145 410 1213 pietas
505 1142 642 1195 Dein
694 1141 1038 1195 Traiectum2
1092 1161 1271 1197 amore
1328 1147 1499 1198 sancti
1554 1148 1778 1213 presulis
1831 1146 2093 1200 Servatii3

222 1215 437 1268 veniens
482 1214 547 1266 de
583 1214 752 1282 prelio
791 1219 1093 1267 nostrorum
1132 1216 1269 1268 male
1318 1222 1552 1284 pugnato
1591 1218 1666 1270 ibi
1711 1223 1914 1271 certum
1954 1236 2094 1271 com-

223 1286 376 1354 perit.
452 1285 522 1338 Et
559 1286 685 1353 quia
725 1302 893 1346 omne,
932 1287 1066 1355 quod
1101 1288 1273 1356 nequit
1310 1289 1523 1358 corrigi,
1560 1289 1780 1341 leniturc
1813 1291 2095 1359 patiencia,
2119 1283 2210 1359 3⁰22·
2226 1282 2298 1358 (ᾖξ’,
2317 1282 2349 1323 1,

224 1357 465 1425 quamvis
497 1357 741 1423 graviter,
778 1364 957 1408 tamen
991 1358 1258 1425 sapienter
1286 1358 1474 1411 audita
1505 1360 1720 1412 sustulit
1743 1360 2093 1413 incommoda.
2212 1349 2222 1365 ’

223 1428 354 1481 Inde
412 1427 670 1480 Leodium
738 1427 803 1479 ob
870 1428 1207 1496 impetranda
1266 1428 1465 1482 Christi
1531 1430 1766 1483 athletae
1823 1431 2095 1484 Lamberti

221 1500 524 1569 patrocinia
567 1499 782 1551 veniens
840 1500 914 1550 ibi
961 1499 1127 1552 colica
1183 1501 1432 1566 passione
1491 1502 1775 1554 admodum
1827 1508 2093 1570 gravatur,

223 1569 317 1623 sed
384 1569 647 1639 praedicti
713 1572 951 1623 martiris
1018 1571 1411 1624 intercessionis
1482 1571 1748 1641 suffragiis
1819 1573 2091 1629 liberatur.

223 1641 361 1694 Hinc
416 1641 485 1694 ad
535 1643 873 1710 Aquasgrani
933 1642 1145 1695 rediens
1204 1641 1626 1710 purificationem
1680 1645 1775 1696 Dei
1825 1644 2094 1711 genitricis
2118 1658 2277 1691 rebus.

222 1712 421 1766 ibidem
451 1712 827 1765 venerabiliter
861 1714 1078 1781 peregit.
1148 1713 1276 1765 Inde
1314 1713 1383 1766 ad
1413 1713 1751 1782 Niumagun4
1793 1731 2095 1768 commeans

222 1784 464 1853 pluribus
502 1783 689 1836 diebus
728 1784 1169 1852 quadragesimae
1206 1785 1281 1839 ibi
1318 1791 1579 1849 moratur,
1628 1787 1801 1854 primo
1848 1786 2095 1853 *regnum

224 1857 323 1909 Dei
367 1856 736 1924 iustitiamque
782 1856 895 1908 eius
942 1873 1220 1923 quaerere,
1274 1862 1459 1922 postea
1502 1857 1765 1909 humanae
1815 1856 2096 1924 fragilitati

223 1927 442 1980 studens
478 1929 782 1979 necessaria
821 1944 1118 1995 suggerere.

367 2000 450 2053 29.
490 1999 622 2068 (18.)
684 1998 897 2051 Mortuo
944 1999 1147 2050 interea
1196 1997 1330 2050 duce
1367 1997 1688 2050 Wlodoweio
1741 1998 1933 2050 fratres
1978 2015 2096 2066 pre-

224 2070 373 2134 dicti,
423 2087 533 2122 una
582 2087 703 2122 cum
752 2075 920 2122 matre
970 2069 1232 2137 expulsi5‚
1290 2086 1323 2121 a
1373 2068 1750 2121 Boemensibus
1800 2069 2096 2137 penitentia

222 2141 396 2194 ductis
420 2147 751 2195 revocantur.
808 2143 951 2206 Quos
975 2140 1290 2204 Bolizlavus‚
1308 2140 1648 2192 Poleniorum
1672 2145 1859 2204 rector,
1879 2140 2094 2192 collecto

222 2212 458 2281 undique
504 2213 738 2265 exercitu
780 2217 967 2279 petens
1013 2213 1207 2264 iterum
1247 2211 1450 2279 expulit
1496 2211 1909 2279 equivocumque
1941 2229 2095 2263 suum

223 2284 428 2337 exulem
466 2284 707 2352 pristinis
747 2283 1037 2336 honoribus
1077 2282 1304 2351 prefecit
1342 2301 1501 2351 seque
1538 2283 1768 2346 domum,
1806 2282 2095 2334 latentibus

221 2356 431 2408 insidiis
481 2355 592 2407 suis
641 2355 750 2408 alta
794 2355 987 2407 mentis
1031 2355 1346 2419 intentione,
1396 2355 1612 2422 recepit.
1698 2353 1912 2406 Sciebat
1956 2353 2094 2404 enim

221 2433 467 2496 nepotem
515 2444 668 2478 suum
720 2426 807 2478 sed
855 2427 1014 2478 nimis
1065 2425 1458 2478 vindicaturum
1506 2427 1560 2477 in
1612 2424 1911 2477 fautoribus
1967 2440 2094 2476 suae

222 2498 570 2566 expulsioniS‚
621 2514 842 2566 sperans
886 2515 942 2549 se
988 2504 1114 2549 tunc
1152 2497 1359 2548 meliori
1398 2497 1674 2548 occasione
1713 2496 1898 2548 forsan·
1928 2496 2094 2547 intro-

220 2569 537 2623 ducendum.
615 2568 767 2634 Quod
805 2574 858 2621 et
895 2569 971 2620 ita
1009 2567 1218 2621 accidit.
1296 2568 1576 2620 Enimvero
1615 2584 1732 2619 cum
1767 2567 2094 2619 Bolizlavuse

222 2641 533 2694 Boemensis
571 2646 812 2693 cerneret
848 2640 1105 2708 populum
1145 2657 1313 2703 suum,
1353 2638 1651 2691 execrando
1682 2639 1810 2690 ritui
1841 2637 2092 2701 deditum,

221 2713 276 2765 in
315 2713 547 2765 maxima
586 2712 871 2764 securitate
910 2711 1274 2776 constitutum,
1313 2710 1641 2776 impietatem
1683 2727 1832 2761 suam
1871 2709 1941 2761 ad
1975 2724 2095 2760 con-

221 2783 506 2852 fringenda
554 2782 776 2835 foedera
826 2783 996 2849 113018,
1053 2799 1213 2850 quam
1264 2782 1611 2834 sacramentis
1659 2780 1982 2843 firmaverat,
2040 2779 2091 2830 111

222 2860 434 2908 tantum
469 2855 712 2917 armavit,
743 2859 804 2906 ut
836 2853 1068 2906 collectis
1098 2854 1153 2905 in
1175 2871 1336 2905 unam
1369 2851 1585 2904 domum
1609 2869 1783 2904 coram
1809 2869 1863 2903 se
1887 2850 2094 2903 cunctis

223 2926 575 2994 optimatibus
640 2926 812 2994 primo
871 2942 1122 2992 generum
1183 2942 1335 2976 suum
1402 2922 1576 2990 gladio
1637 2924 1691 2974 in
1758 2929 1918 2988 caput
1981 2922 2094 2973 eius

222 3015 396 3051 merso
462 2998 575 3065 ipse
635 2996 900 3049 occideret
965 3001 1272 3063 ceterosque
1331 2997 1559 3046 inermes
1617 2995 1671 3045 in
1731 2993 1846 3061 ipsa
1909 2997 2276 3044 sanctarenae.

224 3069 656 3136 quadragesima,
701 3068 781 3119 vir
824 3067 1139 3135 sanguinum
1187 3071 1238 3118 et
1284 3066 1494 3118 dolosus
1539 3082 1635 3116 nec
1680 3064 1782 3116 sibi
1820 3079 2094 3115 concessos
2118 3075 2284 3114 Ps-5‚⁷-

223 3184 259 3256 al)
280 3191 368 3257 nan}
386 3183 471 3215 add.
497 3183 539 3214 A.
558 3183 594 3215 S.
673 3181 709 3222 b)
731 3182 906 3213 dilatione
928 3182 971 3213 A.
990 3182 1029 3213 S.
1115 3180 1147 3218 c)
1170 3180 1301 3211 leniter
1323 3180 1356 3210 2.
1425 3180 1463 3216 d)
1489 3188 1527 3211 se
1551 3179 1641 3210 deese
1663 3178 1759 3218 apud
1782 3176 1824 3208 A.
1845 3177 1880 3208 S.
1949 3178 1985 3217 e)
2008 3175 2096 3207 boli-

223 3235 240 3257 s
259 3234 323 3257 aus
371 3249 379 3257 .

226 3298 268 3346 1)
300 3298 405 3339 Ian.
431 3296 505 3346 24;
537 3310 575 3339 v.
600 3296 687 3345 IV,
717 3296 788 3339 49.
919 3295 962 3345 2)
998 3294 1287 3338 Maastricht.
1417 3293 1461 3343 3)
1501 3292 1723 3347 Episcopi
1755 3291 1990 3345 Tunyriae,
2020 3290 2100 3345 qui

226 3368 269 3397 α.
293 3354 377 3397 384
408 3359 612 3396 mortuus
642 3358 683 3395 et
711 3352 802 3395 illic
832 3353 1034 3405 sepultus
1058 3365 1158 3395 ‘esse
1175 3352 1342 3403 fertur.
1461 3350 1504 3402 4>
1539 3349 1811 3403 Noviomaqi
1839 3352 2010 3392 constat
2038 3360 2095 3390 ex

226 3410 398 3454 chartis
419 3423 567 3464 reyem
589 3408 734 3461 fluisse
756 3409 891 3452 Febr.
916 3410 970 3452 23
994 3414 1035 3452 et
1057 3410 1112 3453 28
1135 3407 1344 3461 (Stampf
1362 3406 1675 3456 1346-1349).
1721 3408 1774 3448 L.
1882 3405 1926 3452 5)
1967 3405 2094 3447 lare·

225 3468 366 3511 mirus
395 3473 436 3510 et
465 3466 720 3511 Othelrz'cus
750 3470 976 3519 materque
1007 3478 1154 3509 eorum
1189 3466 1383 3515 Emma,·
1418 3462 1473 3515 cf.
1498 3476 1640 3517 supra
1672 3476 1708 3505 c.
1731 3463 1800 3515 23,
1832 3459 1886 3505 ‘J
1886 3461 2028 3504 ahrb!
2050 3461 2094 3514 I,

226 3525 306 3568 251
340 3528 381 3567 et
409 3525 592 3567 Excurs
619 3523 774 3566 VIII:
806 3522 913 3565 ‘Die
947 3522 1251 3566 Verhc‘z'ltnisse
1280 3521 1507 3564 Bohmens
1536 3533 1580 3564 u.
1605 3520 1770 3563 Polens
1799 3519 1858 3561 im
1883 3518 2097 3562 Zeitalter

227 3581 471 3625 Heinrichs
495 3582 564 3624 II.
596 3579 689 3623 etc?
