2456 4036
191 1052 324 1108 (998).

192 1196 326 1252 (999).

192 1840 326 1895 (999).

355 209 412 253 98
852 205 1191 250 THIETMARI
1222 203 1436 249 CHRON.
1497 205 1610 248 LIB.
1642 205 1752 249 1111.

354 334 434 386 vis
477 334 688 395 invitm,
735 333 962 400 pristino
1006 331 1196 384 habitu
1240 330 1459 382 indutus
1511 330 1754 383 iudiciali
1798 333 2062 385 sententia
2107 332 2235 386 duo-

356 404 594 457 decimus
624 404 738 472 ipse
770 403 1119 456 sacramentis
1150 400 1391 465 exsolvit,
1435 401 1674 468 exemplo
1705 402 1878 466 uniuS,
1919 403 2011 471 qui
2035 404 2234 458 Romae

356 475 517 528 simili
556 476 821 528 sententia
860 490 915 524 se
953 474 1009 524 in
1047 477 1337 539 conspectu
1373 471 1573 540 prefati
1610 473 1930 540 inperatoris
1968 476 2234 542 purgavit.

354 546 542 599 Patres
588 562 770 598 eorum
816 543 1125 610 spirituales
1168 542 1384 612 plenum
1430 561 1591 611 super
1636 562 1691 596 se
1735 545 2100 598 testimonium
2142 546 2237 599 ha-

355 618 541 681 buere,
581 615 674 669 sed
697 614 979 677 iudicibuS,
1013 619 1073 667 ut
1093 631 1296 679 vereor,
1340 615 1608 682 corruptis
1638 615 1839 684 absque
1865 617 2010 669 omni
2041 618 2235 671 suimet

355 689 513 757 culpa
550 686 762 740 eosdem
803 684 1124 755 perdidere]

497 760 580 812 61.
629 757 762 827 (39.)
836 756 1158 825 [Memorare
1204 755 1395 809 *etiam
1440 757 1573 809 mihi
1623 757 1756 811 libet
1794 758 2084 812 Franconis
2123 760 2234 828 epi·
2258 779 2416 821 *forn

354 830 505 897 scopi
541 828 933 881 Wormacensis
970 827 1183 881 brevem
1219 828 1406 893 vitam,
1455 830 1547 896 qui
1584 829 1788 882 iuvenis
1827 846 1891 883 ac
1937 832 2081 883 omni
2116 848 2238 900 pro-

353 901 524 954 bitate
570 899 754 952 cluens
798 900 972 952 cesari
1016 904 1245 968 augusto
1287 899 1514 968 placuit3
1570 906 1622 953 et
1667 918 1787 953 cum
1833 901 2059 954 eundem
2109 920 2238 956 suae

355 971 692 1025 coniunctum
741 970 1101 1024 familiaritati
1147 972 1204 1024 in
1259 970 1453 1023 divinis
1508 972 1708 1040 pollere
1764 972 1951 1026 sedulo
2000 973 2235 1039 vidisset,

355 1047 569 1096 mortuo
607 1041 878 1111 predictae
916 1043 1147 1096 civitatis
1184 1043 1426 1096 antistite
1463 1041 1807 1108 Hillibaldol,
1848 1044 2017 1098 eidem
2059 1063 2238 1099 succe-

354 1115 481 1168 dere
530 1114 672 1167 fecit.
770 1114 875 1178 Qui
922 1133 1088 1168 unum
1138 1113 1420 1168 dumtaxat
1475 1132 1672 1168 annum
1723 1115 1912 1169 sedens
1973 1117 2027 1169 in
2076 1117 2239 1170 Italia

357 1186 506 1250 obiit,
544 1185 741 1238 ibidem
779 1186 1018 1254 sepultus
1032 1185 1069 1242 2.

497 1257 702 1311 Vellem
738 1257 1110 1325 libentissime,
1151 1257 1197 1309 si
1234 1274 1488 1326 umquam
1525 1256 1643 1310 fieri
1679 1259 1956 1327 potuisset,
2006 1265 2067 1312 ut
2105 1261 2238 1328 opti-

354 1346 565 1383 morum
619 1329 983 1398 quorumlibet
1031 1329 1293 1382 memoria
1342 1346 1439 1397 per
1490 1329 1762 1382 inutilium
1816 1348 1977 1399 opera
2023 1332 2238 1385 meimet

352 1418 608 1454 manuum
661 1401 998 1467 presentibus
1052 1419 1116 1454 ac
1162 1402 1396 1470 posteris
1447 1401 1679 1469 quadam
1728 1403 1962 1455 novitate
2015 1408 2238 1470 accepta

352 1472 646 1537 floruisset,
693 1477 753 1524 ut
798 1472 876 1524 hii
912 1490 1117 1538 omnes,
1163 1473 1264 1525 etsi
1301 1471 1402 1530 hoc
1439 1489 1544 1524 non
1580 1472 1853 1540 delectati,
1902 1491 1998 1543 pro
2035 1474 2238 1541 pietate

350 1550 531 1598 tamen
599 1561 697 1597 sua
763 1543 908 1613 apud
958 1545 1133 1597 Deum
1201 1544 1616 1611 omnipotentem
1682 1545 2059 1599 recordentura
2117 1546 2236 1599 mei.

353 1616 625 1685 *Agnosco
663 1615 806 1668 enim
845 1621 1039 1669 memet
1075 1616 1274 1686 ipsum,
1321 1621 1373 1668 et
1410 1615 1602 1680 minuS,
1643 1634 1803 1685 quam
1849 1617 2033 1682 debe0,
2081 1634 2146 1672 ac
2182 1617 2238 1669 in
2262 1636 2280 1655 *
2303 1637 2424 1671 mam

352 1687 532 1741 baculi
581 1686 880 1754 fragilitate
931 1687 1283 1741 harundineib
1345 1687 1422 1740 nil
1478 1704 1699 1756 prorsus
1752 1688 2022 1742 confidens
2079 1689 2239 1742 iustis

357 1758 805 1828 suffragatoribus
843 1777 927 1812 me
963 1764 1298 1829 peccatorem
1338 1759 1560 1828 supplex
1597 1761 1918 1831 committ0.]

499 1833 584 1886 62.
610 1830 820 1900 [Voluit
840 1848 1050 1900 quoque
1066 1832 1388 1900 imperator⁰
1403 1831 1709 1900 capellanos
1727 1833 1921 1885 suimet
1931 1831 2238 1900 Herponem

352 1903 418 1956 de
442 1902 770 1956 Halverstidi
802 1920 865 1955 ac
889 1903 1157 1956 Raconem
1193 1902 1258 1956 de
1287 1903 1519 1955 Bremun
1550 1903 1842 1973 episcopali
1872 1903 2043 1972 gradu
2073 1902 2238 1956 subli-

352 1992 520 2040 mare3
578 1979 631 2027 et
679 1974 783 2027 hiis
832 1975 888 2027 in
935 1975 1074 2028 lecto
1125 1973 1193 2027 ob
1242 1974 1610 2027 infirmitatem
1658 1976 1891 2028 validam
1939 1974 2238 2028 iacentibus

351 2046 675 2116 pastoralem
712 2046 963 2099 baculum
1003 2046 1171 2113 dedit,
1217 2046 1311 2099 sed
1348 2052 1575 2115 uterque
1613 2047 1727 2100 sine
1758 2047 2081 2101 sacerdotali
2110 2064 2238 2100 unc-

352 2118 506 2171 cione
550 2117 846 2171 discescit3.
932 2119 1072 2183 Quid
1116 2136 1240 2171 vero
1285 2118 1350 2170 de
1395 2119 1496 2171 hoc
1541 2118 1718 2172 dicere
1763 2119 1984 2188 possim,
2033 2119 2236 2186 ignom,

354 2208 473 2243 cum
534 2207 825 2257 numquam
881 2188 946 2243 de
1004 2190 1206 2244 talibus
1266 2190 1471 2259 aliquid
1529 2189 1632 2258 legi
1683 2191 1766 2243 vel
1824 2193 1987 2244 etiam
2040 2190 2235 2244 audivi.

354 2261 610 2330 Cognitor
649 2262 885 2314 omnium
924 2262 1069 2315 Deus
1107 2261 1238 2316 haec
1277 2262 1420 2314 solus
1461 2261 1729 2315 ordinavit
1767 2268 1820 2316 et
1864 2263 2000 2315 scire
2043 2265 2235 2330 potest.

497 2330 631 2404 (40.)
692 2332 812 2385 *Hii
851 2333 972 2399 duc,
1013 2333 1254 2403 quamvis
1292 2333 1384 2400 pii,
1422 2338 1603 2386 tamen
1640 2334 1781 2387 inter
1818 2335 2094 2404 episcopos
2132 2349 2238 2386 non
2261 2364 2433 2404 *soh-13

354 2404 549 2458 debent
581 2404 824 2469 asscribi,
858 2406 986 2474 quia
1015 2407 1071 2458 in
1101 2405 1471 2459 benedictione
1501 2404 1605 2457 hiis
1638 2412 1908 2459 consortes
1931 2423 2036 2458 non
2059 2403 2238 2457 value-
2260 2406 2364 2484 032·
2381 2408 2432 2484 {713

351 2482 479 2529 runt
509 2476 661 2530 effici.
728 2477 906 2530 Razod
935 2482 1116 2531 autem
1146 2479 1295 2530 iussu
1326 2477 1508 2529 dilecti
1546 2478 1768 2529 senioris
1801 2479 1885 2530 sui
1917 2494 2042 2530 ossa
2073 2493 2236 2544 supra
2364 2475 2373 2485 '
2413 2475 2422 2486 '

352 2548 483 2601 dicti
520 2565 691 2618 papae
729 2548 1020 2614 Benedicti,
1060 2551 1200 2602 sicut
1236 2549 1350 2617 ipse
1387 2549 1695 2618 prelocutus
1735 2555 1828 2614 est,
1881 2549 1946 2602 de
1983 2548 2237 2601 Hamma-

351 2619 488 2688 burg
532 2621 756 2674 Romam
802 2621 1032 2676 reduxit.
1114 2621 1358 2687 Namque
1410 2625 1567 2688 pater
1610 2621 1953 2686 venerabilis,
2008 2620 2236 2673 domnus

352 2692 569 2759 inquam
621 2692 970 2761 apostolicus,
1028 2692 1156 2745 dum
1192 2694 1247 2745 in
1286 2692 1444 2744 exilio
1490 2697 1630 2745 esset
1680 2693 1735 2744 in
1774 2692 1975 2745 Christi
2021 2692 2235 2745 servitio

352 2764 622 2816 studiosus
669 2781 895 2832 cumque
945 2764 1122 2817 adhuc
1166 2764 1497 2833 aquilonaris
1544 2764 1677 2817 haec
1713 2782 1841 2833 pars
1881 2770 2066 2832 optata
2103 2780 2236 2831 pace

353 2836 630 2904 gauderet:
686 2835 847 2898 ‘Hic,'
894 2836 1090 2904 inquit,
1131 2836 1337 2904 ‘fragile
1378 2853 1570 2905 corpus
1609 2854 1785 2889 meum
1824 2835 1982 2889 debet
2017 2834 2234 2900 resolvi;

354 2912 407 2960 et
443 2913 566 2976 post
602 2907 738 2959 haec
776 2908 977 2960 omnise
1015 2909 1120 2961 ista
1156 2910 1304 2977 regio
1336 2909 1521 2976 gentili
1553 2908 1728 2976 gladio
1760 2906 2051 2960 desolanda
2082 2906 2234 2960 feris-

354 2997 456 3047 que
508 2979 861 3032 inhabitanda
913 2980 1256 3048 relinquitur,
1317 2988 1367 3032 et
1418 2984 1542 3032 ante
1593 2979 2001 3032 translationem
2059 2994 2233 3030 meam

353 3120 389 3163 a)
410 3122 687 3207 recqordareqtur
708 3121 757 3196 gd
791 3167 811 3197 Ἰ
841 3121 880 3163 b)
904 3122 1085 3155 harundei
1101 3127 1133 3154 1.
1223 3121 1256 3164 c)
1279 3123 1434 3162 impator
1449 3123 1570 3163 primo.
1584 3123 1621 3162 T,
1644 3122 1736 3162 quod
1760 3123 1834 3162 ipse
1856 3132 1944 3154 corr.
2023 3121 2059 3162 d)
2081 3122 2180 3153 Raeo
2197 3120 2231 3160 0,

353 3174 443 3197 corr.
494 3188 502 3196 .
592 3174 611 3197 e
648 3175 661 3196 1
684 3175 705 3197 α
759 3188 768 3198 .
813 3167 831 3198 ¹.

354 3280 397 3331 1)
431 3280 521 3332 Qui
548 3281 663 3324 sedit
692 3282 936 3325 979—998.
1052 3279 1095 3333 2)
1128 3279 1185 3322 A.
1209 3281 1292 3325 999
1316 3280 1435 3335 Any.
1461 3281 1545 3333 27,-
1578 3279 1636 3334 εἰ.
1664 3281 1816 3325 Vitam
1841 3279 2111 3324 Bnrehardi
2139 3279 2231 3334 epi-

354 3338 480 3391 scopi
508 3338 674 3381 Worm.
701 3337 1038 3391 (loco—1025),
1062 3338 1144 3393 qui
1162 3338 1309 3390 frater
1331 3338 1590 3381 Franconis
1603 3336 1703 3391 fnit
1724 3337 1826 3388 (SS.
1850 3338 1937 3389 IV,
1969 3337 2231 3388 829—846).

353 3396 436 3438 999
460 3396 579 3450 Any.
604 3397 660 3440 28
682 3396 894 3439 exhibent
916 3397 1036 3439 Ann.
1061 3396 1224 3439 necrol.
1247 3395 1386 3439 Fuzd.
1485 3396 1528 3447 3)
1561 3396 1692 3449 Erpo
1714 3395 1978 3439 Franconis
2000 3406 2232 3439 successor

353 3452 516 3495 electus
553 3453 647 3495 iam
684 3454 811 3498 tertio
850 3453 936 3506 die,
980 3452 1111 3496 Raeo
1146 3453 1194 3496 in
1229 3452 1386 3496 itinere
1423 3452 1723 3498 ordinationis
1760 3452 2048 3507 accipiendae
2088 3463 2230 3496 causa

353 3508 416 3551 ad
437 3509 747 3563 imperatorem
770 3515 975 3565 suscepto
994 3509 1160 3554 Curiae
1182 3510 1332 3554 eodem
1349 3523 1468 3554 anno
1484 3516 1687 3555 mortuus
1704 3515 1781 3555 est.
1826 3509 1913 3554 Cui
1926 3508 2230 3554 Barchardus

351 3567 589 3620 successit;
624 3567 679 3621 cf.
709 3567 859 3611 Vitam
891 3567 1088 3611 eiusdem
1119 3568 1146 3611 l.
1171 3580 1206 3611 c.
