2372 3970
248 287 313 330 VI
830 287 935 330 ΤΗΙ
942 285 1175 331 ETMARI
1206 285 1569 332 CHRONICON.

248 413 337 466 Eoe
369 415 588 483 proavis
627 422 809 465 auctor
845 415 975 466 duos
1009 413 1179 485 affert,
1218 422 1486 484 utrumque
1522 415 1852 468 Liutbarium
1886 417 2087 468 nomine
2103 415 2139 471 ¹.

253 498 484 559 Quorum
515 500 737 551 alterum
770 498 1042 551 Liutlzarii
1071 500 1160 551 avi
1189 501 1299 552 eius
1322 509 1526 569 patrem
1545 501 1722 570 fuisse
1753 510 2139 554 consentaneum

248 594 337 650 est,
375 585 597 637 alterum
637 584 888 636 Heinrico
923 593 1127 653 patrem
1165 584 1467 650 tribuemus,
1509 595 1786 655 propterea
1823 587 1956 656 quod
1994 588 2140 639 avia-

248 689 362 721 rum
405 669 454 721 T
450 670 695 721 hietmari
727 669 974 739 patribus
1011 668 1124 719 alia
1164 669 1377 720 nomina
1401 669 1579 737 fuisse
1608 670 1822 723 aliunde
1860 672 2140 742 colliyitur.

199 809 202 811 Α
250 755 538 806 Matertera
562 754 697 805 enim
726 752 1004 822 Siyifridi‚
1038 753 1074 803 i.
1093 770 1130 803 e.
1166 770 1314 803 soror
1335 752 1668 819 Mabthildis,
1700 755 1966 808 Emnilolis
1996 776 2143 826 quae-

246 840 370 891 dam
419 837 836 890 sanctimonialis
878 835 1375 905 Quedlinburqensis
1411 836 1585 906 fuisse
1621 836 1865 906 fertur&
1912 859 2041 909 quae
2086 843 2143 893 in

248 923 548 975 Annalibus
591 920 1153 990 Quodlinburqensibus
1200 918 1324 991 (SS.
1360 921 1478 991 III)
1527 941 1575 975 a.
1621 922 1737 977 991.
1777 923 1993 976 Emnild
2029 924 2144 980 filia

246 1007 514 1060 Brunonis
567 1007 779 1061 dicitur.
867 1007 1044 1076 Iyitur
1095 1006 1249 1058 Brun
1301 1026 1461 1060 comes
1510 1007 1945 1080 Arneburyensis,
1998 1030 2143 1080 quem

246 1113 295 1148 a.
332 1094 451 1147 978.
493 1093 624 1145 Νου.
659 1092 743 1146 30.
778 1099 1034 1144 mortuum
1066 1110 1168 1144 esse
1207 1091 1533 1145 Thietmar'us
1562 1093 1741 1163 refert,
1775 1114 2005 1164 proavus
2034 1097 2145 1149 eius

245 1188 291 1231 et
326 1187 482 1248 pater
511 1177 830 1229 Mahtlzilclis
862 1177 1064 1229 videtur
1090 1176 1281 1246 fuisse.
1351 1177 1597 1231 Iuthittae
1635 1188 1803 1232 autem
1839 1189 1991 1250 pater
2029 1184 2146 1252 quis

234 1264 426 1334 fuerit,
461 1282 524 1316 ew
555 1264 646 1315 hoc
666 1263 1005 1333 perspicitur,
1037 1262 1174 1332 quod
1195 1263 1384 1315 matris
1406 1282 1528 1315 suae
1551 1265 1877 1331 avunculum,
1902 1266 2146 1320 Iuthittae

245 1350 413 1420 iyitur
448 1349 700 1417 fratrem,
746 1348 1078 1400 Thietmarus
1123 1348 1359 1417 appellat
1407 1348 1633 1402 Udonem
1687 1350 1864 1402 ducem
1916 1352 2020 1404 sive
2069 1371 2145 1404 co-

245 1436 414 1487 mitem
449 1453 500 1488 a.
533 1435 653 1488 982.
694 1434 752 1485 in
789 1431 1047 1485 Calabria
1085 1434 1302 1486 occisum
1317 1433 1358 1500 3,
1398 1453 1542 1503 quem
1574 1434 1770 1488 Udonis
1808 1437 2010 1489 comitis
2039 1438 2145 1490 sive

245 1522 394 1574 ducis
443 1520 708 1573 Franciae
762 1520 1035 1572 orientalis
1083 1539 1131 1573 a.
1169 1519 1288 1575 949.
1341 1521 1534 1573 mortui
1565 1520 1745 1588 filium
1787 1521 1963 1591 fuisse
2014 1524 2145 1576 satis

245 1615 442 1660 constat
452 1605 493 1658 4.

390 1706 575 1759 Nobili
604 1706 772 1776 iyitur
802 1706 911 1758 loco
941 1713 1096 1757 natus
1127 1705 1456 1764 Thietmarus
1486 1726 1599 1759 cum
1629 1707 1970 1761 nobilissimis
1998 1717 2147 1778 atque

241 1792 692 1864 praeclarissimis
737 1791 928 1843 aetatis
973 1809 1097 1843 suae
1133 1791 1266 1843 viris
1313 1793 1614 1862 coqnatione
1652 1794 1949 1845 coniunctus
1974 1794 2143 1864 fuit5.

248 1880 479 1931 Patruus
539 1878 650 1930 eius
715 1876 1049 1943 Liutharius,
1118 1877 1265 1929 cuius
1325 1895 1490 1947 supra
1547 1879 1850 1931 mentionem
1897 1879 2145 1949 fecimus,

252 1965 531 2018 Thiedrico
569 1964 869 2016 marchione
898 1982 948 2016 a.
976 1961 1097 2017 985.
1130 1970 1329 2015 mortuo
1360 1965 1626 2017 marchiae
1656 1965 1963 2034 aquilonari
1995 1984 2148 2034 prae-

234 2051 410 2120 fectus
446 2058 534 2113 est,
576 2068 749 2119 quam,
789 2067 904 2099 cum
936 2067 985 2102 a.
1022 2048 1175 2102 1003.
1216 2067 1280 2100 esc
1316 2049 1426 2100 vita
1455 2049 1766 2116 decederetss,
1816 2051 2145 2103 Wirinhario

229 2136 354 2205 filio
391 2154 454 2187 esc
497 2133 698 2186 Godila
749 2133 1070 2186 Wirinkarii
1092 2133 1223 2202 filia
1258 2135 1430 2204 yenito
1467 2143 1514 2187 et
1550 2154 1660 2187 cum
1706 2135 2002 2206 Liut9arda
2039 2135 2145 2187 Ele-

245 2221 467 2273 kihardi
502 2220 824 2271 marchionis
860 2219 1170 2271 Misniensis
1199 2218 1329 2287 fllia
1374 2221 1709 2274 matrimonio
1754 2221 2026 2292 copulato⁷
2071 2241 2146 2275 re-

247 2308 414 2377 liquit.
502 2306 721 2358 Praeter
757 2305 910 2358 illum
966 2304 1237 2356 Liutharii
1272 2305 1390 2374 filii
1428 2306 1653 2375 fuerunt
1702 2306 2051 2360 Berlztolclus8
2103 2317 2148 2360 et

253 2392 562 2445 Thieclricus
593 2391 809 2444 clericus
838 2399 886 2443 et
915 2390 1221 2460 capellanus
1251 2392 1390 2462 re9is
1402 2391 1440 2458 9,
1467 2392 1595 2461 fllia
1628 2402 1812 2457 autem,
1843 2402 1899 2444 ut
1928 2394 2148 2460 videtur,

248 2478 486 2548 Briqida
532 2477 798 2529 abbatissa
846 2475 900 2531 S.
934 2475 1214 2528 Laurentii
1257 2476 1803 2547 Maydeburyensisffl.
1880 2478 2151 2531 Liutharii

246 2573 292 2618 et
329 2562 594 2634 Siyzfridi
630 2581 778 2615 soror
804 2562 923 2632 fuit
961 2562 1092 2614 Eila
1129 2563 1233 2615 sive
1271 2562 1529 2629 Eilsuith,
1581 2583 1710 2633 quae
1751 2565 2034 2617 Berbtoldo
2072 2583 2149 2616 co-

247 2735 289 2789 1)
321 2737 371 2789 1,
406 2737 484 2781 10.-
547 2734 632 2779 duo
678 2735 812 2779 abavi
853 2734 943 2778 mei
985 2748 1072 2778 uno
1112 2734 1311 2787 nomine,
1358 2735 1475 2793 quod
1517 2735 1726 2778 Liutheri
1767 2736 1918 2788 sonat,
1964 2735 2149 2790 signati.

244 2808 287 2862 2)
320 2808 411 2861 IV,
445 2808 523 2851 16:
557 2807 604 2851 in
636 2805 1021 2862 Quidelingeburg
1052 2806 1171 2861 apud.
1201 2820 1326 2850 suam
1359 2805 1615 2863 (Siyzfridi)
1644 2807 1934 2850 matertera-m
1973 2807 2150 2850 nomine

249 2877 520 2922 Emnildam.
666 2877 710 2932 3)
753 2879 861 2933 III,
904 2879 984 2922 20.-
1045 2876 1248 2921 Udonem
1294 2876 1448 2921 ducem
1494 2877 1653 2921 matris
1699 2891 1823 2922 meae
1870 2878 2149 2921 avunculum.

247 2950 292 3002 4)
327 2951 429 2994 Hoc
459 2950 602 3005 iqitur
631 2955 818 2994 stemma
851 2949 1098 2995 Thietmari
1115 2949 1235 3004 fuit:

363 3021 640 3065 Liutharius
902 3022 1038 3064 Brun
1340 3020 1616 3064 Liutharius
1881 3020 1978 3063 Udo

359 3078 472 3110 Walb.
519 3077 542 3117 †
565 3078 642 3109 929.
786 3086 871 3108 com.
890 3076 975 3108 Aru.
1025 3075 1048 3117 †
1071 3077 1149 3109 978.
1305 3076 1487 3108 Stadensis
1528 3076 1551 3117 ἦ·
1576 3077 1653 3108 929.
1787 3085 1870 3107 com.
1917 3075 1941 3113 ἦ·
1965 3076 2039 3107 949.

362 3118 638 3222 Linth'arius
843 3118 1118 3222 Malaihildis
1346 3118 1598 3221 Heiniicus
1821 3117 2020 3220 Iutbitta

364 3235 472 3267 Walb.
520 3234 543 3273 †
566 3234 645 3266 964.
918 3233 942 3274 †
966 3234 1046 3266 992.
1374 3242 1456 3264 com.
1476 3233 1576 3264 Stad.

607 3305 866 3362 Siyifridus
1523 3304 1799 3360 Cuniyunda

537 3372 621 3395 com.
646 3364 756 3396 Walb.
802 3362 826 3404 †
848 3363 925 3396 992.
1597 3360 1620 3401 †
1643 3361 1722 3393 997.

1053 3435 1343 3480 Thietmarus

1082 3492 1187 3530 epioe.
1205 3493 1311 3523 Mers.

247 3562 292 3615 5)
336 3563 383 3605 V.
415 3568 653 3607 stemmata
684 3577 726 3618 p.
751 3564 892 3608 ΠΗ.
1011 3562 1055 3617 6)
1091 3564 1200 3617 VII,
1232 3563 1300 3606 26.
1418 3561 1462 3615 7)
1495 3562 1584 3614 JV,
1615 3561 1799 3613 39—42,
1833 3558 2151 3615 V11‚24-26.

248 3633 291 3686 8)
338 3634 474 3686 VIII,
507 3635 584 3678 53:
634 3634 903 3678 Bertholdus
935 3634 1161 3678 Lintharii
1201 3632 1333 3677 filius.
1466 3632 1511 3686 9)
1555 3633 1695 3686 V111,
1726 3631 1767 3674 7.
1901 3630 1972 3684 10)
2005 3631 2047 3683 I,
2080 3631 2149 3673 12.
