2456 4036
694 245 1029 292 THIETMARI
1060 247 1276 294 CHRON.
1335 251 1449 295 LIB.
1480 252 1533 296 V.
1957 255 2040 301 107

176 371 303 440 quia
337 387 519 423 verum
558 376 652 435 est,
691 371 992 426 hominibus
1030 374 1094 427 de
1130 376 1453 444 perfectione
1484 378 1625 431 iusta
1654 379 1811 432 nimis
1841 379 2036 445 deesse,

176 441 336 510 quida
377 439 595 509 prodest
640 440 705 494 de
750 442 1096 498 inferioribus
1139 446 1244 499 hiis
1295 447 1402 500 tale
1454 448 1615 516 quida
1666 450 2036 532 promulgare?

176 512 363 636 0ωέίῖ
419 511 537 651 Ιεξίε
596 513 650 563 in
702 511 804 566 fine
863 516 1076 568 canitur
1133 522 1186 570 et
1236 518 1477 572 mortalis
1528 522 1866 574 conversacio
1917 539 2036 590 igne

171 600 268 652 pro
305 600 339 636 a
366 600 445 635 ur,

393 694 708 747 *Heinricus
740 697 961 761 scandit,
999 703 1278 767 postquam
1318 702 1544 768 puerilia
1580 703 1719 768 vicit,

387 765 572 818 Ardua
607 766 864 819 virtutum
903 770 1111 821 cretusb
1149 770 1214 822 de
1253 777 1530 825 stemmate
1565 791 1763 842 regum.

382 836 521 890 Huic
558 842 715 904 pater
753 837 1035 892 Heinricus
1073 839 1181 892 dux
1219 846 1272 893 et
1307 844 1534 909 genitrix
1573 850 1688 897 erat
1726 845 1837 898 eius

384 907 548 972 Gisla,
588 908 699 960 suis
736 909 943 961 meritis
980 927 1214 979 aequans
1253 913 1474 979 vestigia
1510 916 1649 982 regis

197 990 225 1034 5
384 977 617 1031 Conradi
653 980 839 1047 patriS,
879 980 1188 1048 Burgundia
1223 999 1390 1050 regna
1426 986 1670 1038 tenentis·

381 1048 568 1102 Nutrit
603 1050 905 1116 preclarum
942 1051 1285 1120 Wolfgangus
1323 1054 1535 1120 presull
1573 1056 1860 1121 alumnum,

383 1120 485 1184 Qui
523 1122 765 1188 sequitur
801 1122 1070 1174 dominum
1108 1127 1220 1175 toto
1259 1126 1532 1177 conamine
1571 1126 1855 1179 Christum.

379 1191 612 1259 Postque
648 1209 829 1244 necem
868 1193 1036 1259 patris
1075 1193 1266 1246 ductor
1302 1195 1592 1248 successit2
1628 1196 1811 1250 herilis

380 1262 512 1315 Eius
551 1264 604 1315 et
640 1263 920 1331 imperium
957 1263 1109 1332 longe
1148 1262 1356 1332 spectat
1393 1283 1600 1335 quoque
1638 1267 1891 1324 clavum-⁹».

40 1310 65 1401 ιζ
103 1351 144 1384 Τ,
170 1344 225 1388 10
382 1327 696 1403 *fMaximae
732 1351 858 1402 pars
895 1335 1043 1402 regni
1083 1334 1267 1388 Sclavo
1304 1343 1511 1389 vastata
1550 1338 1752 1391 crudeli

382 1404 608 1457 Multum
648 1405 897 1469 laetatur,
937 1406 1081 1474 quod
1118 1406 1186 1458 ab
1224 1406 1381 1460 huius
1417 1425 1547 1476 pace
1583 1410 1788 1477 potitur

383 1475 597 1529 Sedibus
635 1478 827 1546 optatis
866 1477 1109 1545 iustoque
1122 1476 1160 1541 4,
1199 1478 1482 1545 rapacibus
1520 1479 1679 1532 altis5
2064 1475 2285 1559 Viriff'ssffln'

380 1547 605 1600 Prorsus
644 1547 879 1616 depulsis
918 1565 980 1599 ac
1019 1549 1135 1600 dira
1172 1548 1284 1615 lege
1323 1549 1536 1602 sedatis,

380 1616 602 1671 Inflatos
640 1635 819 1671 omnes
858 1625 1040 1672 contra
1081 1637 1136 1672 se
1175 1619 1426 1686 deprimit
1462 1621 1654 1685 hosteS,

168 1697 222 1743 15
379 1689 697 1742 Demulcens
737 1690 905 1743 socios
943 1690 1170 1742 iocundo
1209 1690 1406 1743 famine
1445 1692 1710 1744 cunctosd.

381 1760 436 1813 Si
474 1778 578 1829 quo
618 1760 843 1829 deliquit
879 1762 1160 1825 modicum,
1200 1764 1380 1814 statim
1418 1763 1686 1829 resipiscit

376 1831 660 1885 Fructibus
699 1850 762 1884 ac
800 1832 973 1900 dignis
1012 1832 1236 1885 curabat
1270 1833 1487 1886 vulnera
1526 1835 1716 1887 carniS.

378 1902 538 1956 Utilis
575 1903 863 1956 aecclesiae
903 1906 1108 1956 cunctis
1145 1905 1432 1956 miseratur
1469 1904 1680 1972 ubique.

377 1974 671 2043 Mersburg,
713 1976 757 2027 si
797 1975 960 2027 scires
999 1975 1159 2028 huius
1195 1975 1286 2043 pia
1325 1981 1458 2039 vota,
1498 1976 1673 2028 sitires

165 2055 221 2099 20
379 2046 675 2099 Adventum
713 2047 850 2099 tanti
888 2048 1108 2099 rectoris
1148 2052 1200 2099 et
1236 2046 1422 2098 inclita
1461 2045 1660 2099 Christi

378 2117 600 2170 Munera
637 2117 886 2171 laudares
926 2117 1290 2186 condignaque
1326 2117 1530 2186 premia
1567 2117 1840 2187 ferreS.]**

895 2274 1196 2326 LIBER
1247 2274 1308 2327 V.

132 2438 142 2449 ·
313 2375 358 2427 1.
398 2373 495 2443 (1.)
555 2373 886 2442 *Largifluus
925 2373 1135 2426 divinae
1171 2373 1388 2442 pietatis
1433 2377 1725 2440 respectuS,
1771 2371 2032 2423 humanae

164 2444 465 2497 necessitati
513 2462 618 2498 non
655 2446 825 2498 nostri
862 2446 1068 2507 meritO,
1117 2445 1209 2497 sed
1249 2461 1375 2497 suae
1412 2443 1775 2496 miserationis
1819 2458 2032 2494 munere

164 2516 398 2584 gratuito
444 2516 943 2585 superhabundanS,
998 2515 1234 2569 fidelium
1281 2514 1442 2568 corda
1485 2531 1699 2566 suorum
1745 2513 1813 2566 ad
1861 2512 2033 2565 laudis

165 2604 400 2640 amorem
448 2605 576 2641 suae
625 2595 677 2641 et
725 2588 793 2640 ad
840 2587 1147 2640 referendas
1193 2587 1242 2639 ei
1287 2591 1465 2654 grates
1520 2584 1762 2638 accendit
1817 2601 1878 2636 ac
1935 2600 2032 2645 me,

165 2658 390 2712 stultum
441 2660 676 2728 ingenio,
730 2659 1062 2728 prepeditum
1114 2658 1321 2726 eloquio
1368 2675 1431 2710 ac
1474 2656 1530 2708 in
1573 2655 1815 2709 omnibus
1858 2654 2034 2721 negle-

165 2734 402 2798 genteme
439 2734 491 2782 et
527 2731 685 2784 nimis
725 2733 980 2795 ociosum,
1027 2729 1218 2782 bonosf
1252 2729 1308 2780 in
1360 2728 1458 2780 hoc
1503 2728 1703 2780 imitari
1747 2725 2030 2792 compellit.

165 2801 423 2872 Maqnusg
452 2810 524 2854 est
553 2804 688 2855 enim
719 2803 877 2867 Deae,
914 2806 975 2854 ut
1005 2801 1168 2853 Davit
1195 2804 1437 2863 testatur,
1468 2807 1515 2851 et
1544 2798 1828 2850 laudabilis
1855 2796 2281 2861 valde;1>mm.95,4.

258 2915 304 2970 ²¹⁸)
336 2918 396 2960 In
436 2918 523 2961 hae
552 2918 749 2973 payina,
802 2917 934 2961 cuius
972 2915 1164 2959 dimidia
1195 2927 1307 2969 pars
1347 2914 1537 2967 inferior
1577 2925 1722 2977 uacua
1761 2911 1912 2976 relicto
1953 2916 2031 2963 est,

335 2988 500 3018 manus
544 2976 697 3031 aliqua
736 2974 959 3029 posterior
1004 2986 1039 3017 s.
1081 2973 1169 3016 XI.
1215 2986 1244 3016 a
1289 2972 1443 3015 ceteris
1487 2969 1705 3034 ommbzfs,
1750 2973 1811 3032 ut·
1843 2967 2031 3031 indetur,

335 3031 513 3075 diversa
549 3031 661 3076 haec
701 3031 881 3083 adiecit,
918 3043 1032 3086 quae
1067 3034 1223 3083 postea
1262 3042 1395 3071 erasa
1432 3031 1561 3071 sunt:
1609 3025 1748 3091 [lngo
1777 3023 2028 3079 singularis,

335 3087 453 3131 inter
482 3101 630 3132 omnes
659 3088 797 3139 mitis,
827 3101 905 3131 nos
936 3086 1075 3141 culpis
1105 3085 1269 3129 solutos
1298 3084 1431 3128 mites
1460 3083 1529 3126 fac
1563 3085 1606 3125 et
1635 3084 1785 3125 iustos.

420 3144 587 3199 Incipit
617 3145 823 3200 prologus
853 3143 932 3188 lib.
964 3143 1111 3200 quinti
1141 3143 1247 3186 add.
1272 3142 1313 3184 2.

230 3199 308 3255 **)
337 3200 427 3246 Inc.
458 3201 538 3246 lib.
569 3202 748 3258 quintus
778 3203 819 3245 2.

167 3297 202 3339 a)
235 3298 284 3339 qd
298 3301 329 3331 1.
417 3300 455 3331 bi
488 3302 595 3332 natus
626 3301 663 3331 V.
753 3298 786 3340 c)
820 3308 938 3331 versus
959 3301 1038 3340 tres,
1062 3299 1123 3337 qui
1139 3297 1295 3338 proximi
1316 3298 1519 3334 sequuntur,
1540 3295 1577 3325 in
1599 3302 1725 3325 rasura
1747 3295 1918 3335 leguntur,
1939 3292 2033 3323 unde

167 3345 311 3385 apparet
324 3341 407 3374 haec
422 3351 491 3375 esse
501 3345 619 3383 postea
637 3344 776 3374 inserta.
875 3342 911 3382 d)
934 3345 1060 3373 cuntos
1072 3341 1183 3380 primo
1205 3340 1243 3378 T,
1266 3338 1356 3377 quod
1379 3338 1450 3376 ipse
1473 3338 1630 3368 correxit.
1731 3336 1765 3377 e)
1788 3336 2033 3375 negligentem

167 3384 323 3416 radendo
345 3387 420 3426 αἶρε
443 3395 530 3416 corr.
619 3385 650 3425 f)
674 3385 778 3417 bonis
802 3384 848 3423 A,
881 3394 969 3416 corr.
985 3385 1025 3415 Τ.
1113 3382 1152 3424 g)
1173 3383 1341 3420 Magnum
1359 3382 1399 3419 A,
1422 3389 1512 3411 corr.
1533 3380 1572 3411 T.

159 3469 211 3522 1)
255 3471 598 3516 Ratisbonensis
641 3471 910 3515 972—994.
1041 3469 1084 3521 2)
1130 3470 1190 3511 In
1237 3467 1405 3510 ducatu
1452 3465 1684 3509 Bavarz'ae
1728 3479 1769 3508 a.
1814 3464 1910 3508 995.
1979 3463 2033 3507 L.

167 3526 211 3579 3)
252 3529 295 3572 I.
327 3542 361 3572 e.
391 3528 746 3584 yubernaculum
775 3527 914 3582 reym'.
974 3528 1028 3569 L.
1144 3525 1187 3576 4)
1232 3525 1273 3567 Ι.
1304 3536 1338 3567 e.
1370 3522 1559 3567 iustitia.
1619 3523 1674 3564 L.
1789 3521 1833 3573 5)
1876 3520 2032 3564 Homi-

166 3585 301 3629 nibus
332 3585 539 3640 superbis
570 3590 612 3628 et
638 3583 897 3639 rapacibus.
958 3585 1011 3626 L.
