2456 4036
205 347 331 392 1004.

187 778 266 810 Ian.
283 779 337 811 28.

184 920 264 952 Ian.
282 920 335 952 29.

184 1204 263 1236 Ian.
280 1205 335 1236 30.

99 1905 240 1937 Lucan.
264 1903 335 1946 111,

154 1947 215 1979 145
234 1955 287 1987 sq.

364 211 448 255 130
882 207 1217 252 THIETMARI
1248 204 1464 251 GHRON.
1524 205 1639 250 LIB.
1669 206 1722 250 V.

362 335 720 389 confratribus
773 334 1035 387 universis
1101 332 1304 384 obitum
1358 331 1578 383 senioris
1642 337 1694 384 et
1752 331 2037 385 adventum
2097 334 2236 401 regis

363 408 566 475 pariter
618 405 835 467 indixit,
897 403 1203 466 obsecranS,
1265 407 1326 454 ut
1376 402 1599 454 invicem
1650 420 1815 455 unum
1868 403 2101 471 aliquem
2159 406 2237 456 in-

363 479 649 546 quirerent,
676 493 794 528 cum
819 491 923 542 quo
944 474 1220 541 antiquam
1245 473 1470 540 eligendi
1487 474 1918 526 consuetudinem
1934 474 2237 527 retinerent.

365 549 463 602 Cui
508 548 576 600 ab
623 545 867 599 omnibus
912 545 1035 596 ilico
1080 543 1454 612 respondetur,
1509 544 1731 597 eundem
1787 562 1843 598 se
1888 545 2240 599 communiter

362 620 495 672 velle
551 619 604 670 in
662 617 932 668 dominum
996 614 1175 667 divina
1231 614 1300 667 ad
1353 615 1455 668 hoc
1511 615 1722 669 favente
1781 617 1959 684 gratia
2021 616 2236 671 habere.

362 691 476 742 Hoc
500 706 617 741 cum
642 704 850 755 magna,
884 691 944 737 ut
966 686 1158 751 decuit,
1194 685 1498 740 humilitate
1531 687 1672 739 idem
1705 688 2000 756 suscipiens
2030 689 2238 740 veniam

362 766 661 829 prostratus
712 758 890 826 peciit.
987 757 1239 810 Delatum
1297 758 1409 810 est¹
1474 774 1663 825 corpus
1723 759 2111 827 archiepiscopi
2170 759 2239 812 ad

361 836 609 884 sanctum
652 827 981 881 Iohannem2
1024 828 1204 896 ibique
1247 830 1546 895 proximam
1592 834 1799 882 noctem
1844 830 2019 898 dignis
2063 848 2240 883 serva-

359 907 450 955 tur
493 900 802 953 honoribus,
885 899 1107 960 Postera
1151 905 1330 953 autem
1378 900 1463 953 die
1509 918 1628 953 cum
1674 901 1742 952 ad
1782 906 2023 954 sanctum
2060 907 2239 970 porta-

360 978 509 1026 retur
546 971 875 1035 Mauritium,
923 971 1236 1024 adveniente
1274 978 1400 1024 tunc
1437 971 1634 1025 ibidem
1673 990 1812 1040 rege,
1859 972 1927 1025 ab
1965 990 2027 1026 eo
2073 973 2239 1026 omni-

361 1062 463 1113 que
499 1043 639 1096 clero
671 1047 721 1096 et
752 1042 949 1111 populo
980 1043 1270 1111 suscipitur
1300 1043 1691 1112 secundamque
1720 1050 1928 1097 noctem
1957 1044 2239 1112 diligenter

363 1114 675 1169 custoditur.

501 1186 588 1240 41.
647 1186 804 1239 Mane
844 1185 952 1237 iam
989 1183 1134 1237 facto
1174 1184 1431 1239 Arnulfus
1463 1187 1740 1255 episcopus
1770 1185 1833 1239 *a
1861 1203 1984 1254 rege
2014 1186 2083 1239 ad
2115 1203 2238 1239 con-
2262 1196 2420 1247 *sonu

358 1257 556 1311 fratres
608 1262 662 1309 et
713 1256 783 1309 ad
834 1257 1061 1309 militesa
1112 1256 1398 1309 admodum
1448 1258 1630 1311 tristes
1688 1259 1864 1325 gratia
1915 1258 2238 1326 Taginonem

362 1328 590 1398 eligendi
628 1328 879 1381 mittitur.
956 1327 1054 1380 Cui
1092 1328 1409 1396 legationem
1447 1346 1598 1382 suam
1637 1331 1844 1383 cunctis
1885 1329 2066 1382 ordine
2109 1347 2240 1398 pan-

362 1401 509 1454 denti
554 1399 862 1452 Walterdus
907 1399 1232 1468 respondens
1277 1417 1372 1466 pre
1416 1400 1682 1453 omnibus:
1738 1400 2001 1467 ‘ScimUS,’
2046 1401 2237 1470 inquit,

363 1472 507 1542 ‘quid
536 1477 715 1524 vester
752 1472 928 1524 senior
965 1471 1222 1525 intendat.
1284 1471 1560 1536 VolumUS,
1600 1473 1646 1525 si
1683 1473 1807 1525 licet
1834 1471 1968 1537 fieri,
2007 1477 2240 1541 potesta-

359 1551 467 1598 tem
504 1542 704 1596 habere
742 1541 994 1610 eligendi,
1044 1549 1098 1594 et
1143 1545 1347 1595 cunctis
1392 1543 1730 1611 presentibus
1775 1543 1881 1609 his,
1929 1561 2012 1596 me
2056 1561 2239 1612 quam-

359 1617 437 1669 vis
475 1615 752 1682 indignum
783 1614 1068 1667 voluerunt
1103 1615 1159 1666 in
1190 1631 1414 1667 vacuum
1454 1616 1753 1681 succedere,
1794 1620 1853 1668 ut
1885 1616 1988 1684 ipsi
2016 1616 2240 1684 potestis

357 1686 604 1757 probare.
690 1686 1089 1738 Detrimentum
1127 1686 1387 1738 aeclesiae
1425 1685 1541 1739 fieri
1578 1693 1793 1740 nostrae
1830 1687 2054 1739 multum
2094 1704 2239 1740 vere-

358 1774 500 1822 mur3
540 1757 680 1827 quod
711 1774 778 1810 ne
816 1757 1074 1823 eveniatb,
1112 1758 1317 1826 regiam
1353 1760 1608 1826 pietatem
1645 1777 1708 1812 ac
1741 1763 1972 1811 vestram
2009 1759 2240 1828 petimus

357 1831 810 1884 intercessionem.
895 1828 1016 1881 Non
1060 1846 1243 1881 sumus
1288 1830 1606 1883 inmemores
1650 1829 1916 1899 proverbii
1961 1830 2237 1883 cuiusdam

359 1900 674 1970 sapientis3:
729 1901 1039 1953 Libertatem
1075 1901 1275 1971 populi,
1313 1920 1458 1970 quem
1495 1921 1658 1972 regna
1696 1903 1967 1967 cohercent,
2007 1901 2238 1954 libertate

357 1974 706 2028 dominantisc
734 1973 924 2043 peri-re,
956 1981 1246 2042 tantumque
1276 1974 1385 2025 eius
1416 1973 1683 2026 umbramd
1712 1974 1927 2039 servari,
1969 1975 2019 2026 si
2048 1974 2240 2026 cunctis

357 2046 581 2099 eiusdem
604 2045 725 2097 velit
748 2044 1092 2113 obtemperare
1107 2045 1400 2114 preceptis?
1459 2044 1558 2097 His
1591 2045 1750 2098 dictis
1779 2045 1964 2113 presul
1994 2061 2239 2114 egressus

356 2117 519 2185 regiis
558 2116 736 2169 omnia
772 2115 1055 2168 instillavit
1087 2115 1322 2168 auribus.
1400 2116 1503 2180 Qui
1533 2133 1656 2169 mox
1684 2117 2014 2186 prepositum
2043 2133 2238 2169 vocans

358 2189 691 2256 multumque
749 2188 799 2239 ei
850 2187 1170 2254 promittens
1227 2191 1280 2240 et
1325 2189 1408 2240 sui
1452 2187 1726 2241 licentiam
1771 2206 1834 2242 ac
1881 2189 2237 2241 consotiorum

357 2262 413 2313 in
473 2260 739 2313 eleccione
791 2258 1080 2326 Taginonis
1140 2259 1368 2326 gratiam
1429 2261 1729 2328 acquisivit.
1828 2260 2123 2313 Confestim
2182 2260 2238 2311 in

357 2332 616 2385 maiorem
656 2329 1092 2383 convenientibus
1133 2331 1450 2383 aecclesiam
1497 2333 1724 2397 cunctis,
1771 2349 1865 2384 rex
1915 2332 2101 2384 baculo
2141 2331 2238 2384 Ar-

356 2403 490 2457 nulfi
524 2403 756 2472 presulis
802 2403 1001 2455 clerum
1047 2407 1100 2454 et
1143 2402 1395 2471 populum
1435 2403 1693 2471 Taginoni
1747 2403 2049 2456 venerando
2092 2403 2238 2472 patri

357 2494 477 2528 cum
525 2474 805 2527 redditura
853 2490 1060 2526 summo
1106 2473 1268 2526 iudici
1321 2475 1538 2527 racione
1591 2475 1857 2528 commisit
1907 2475 2237 2543 eundemque

357 2549 412 2599 in
465 2546 776 2599 cathedram
827 2545 1182 2613 episcopalem
1228 2547 1342 2614 ipse
1392 2547 1687 2612 constituit,
1742 2546 2072 2600 asstantibus
2121 2547 2238 2598 uni-

355 2619 523 2671 versis
570 2621 651 2684 [et]
697 2617 884 2670 laudes
922 2617 1036 2670 Deo
1083 2616 1410 2670 canentibus
1498 2617 1782 2671 Celebrata
1825 2635 1923 2686 pro
1969 2618 2237 2671 defunctis

356 2689 637 2743 memo*ria
665 2706 854 2756 corpus
886 2689 1274 2757 archiepiscopi
1297 2706 1475 2741 coram
1499 2690 1689 2742 altarie
1715 2689 1943 2743 australi
1967 2690 2234 2758 sepelitur.
2261 2705 2362 2747 *soz.
2380 2706 2447 2740 940:

498 2763 582 2814 42.
631 2761 764 2830 (25.)
826 2760 917 2813 Set
953 2766 1243 2828 antequam
1281 2760 1351 2812 ad
1388 2767 1603 2814 nostrae
1637 2762 1778 2815 sedis
1815 2763 2246 2815 renovationemf

355 2834 674 2903 perveniam,
713 2832 845 2885 libet
876 2832 1141 2900 quaedam
1172 2831 1237 2884 de
1269 2830 1503 2901 *fprefato
1534 2834 1664 2899 viro,
1704 2834 1796 2902 qui
1832 2839 1957 2886 tunc
1989 2833 2238 2886 ordinan-
2260 2848 2431 2891 *asoa

358 2905 457 2958 dus
497 2909 630 2970 erat,
669 2904 946 2958 disserere.
1023 2903 1146 2955 Fuit
1181 2903 1268 2955 hic
1307 2905 1504 2972 egregii
1543 2905 1767 2958 clericus
1803 2904 2107 2973 Vulfgangi,
2146 2905 2237 2973 qui

356 2975 797 3030 Ratisbonensem
828 2975 948 3044 pius
979 2980 1176 3044 pastor,
1208 2974 1395 3028 habitu
1425 2981 1478 3028 et
1508 2977 1904 3030 conversatione
1927 2976 2236 3041 monachus,

360 3118 396 3158 a)
426 3119 687 3152 ministeriales
710 3121 741 3160 2,
767 3119 809 3151 A.
827 3119 866 3150 S.
960 3117 1000 3160 b)
1029 3126 1098 3150 nee
1118 3119 1243 3150 veniat
1264 3118 1306 3159 A,
1322 3121 1445 3159 postea
1467 3120 1612 3150 alterum
1637 3127 1656 3151 e
1679 3128 1826 3151 erasum.
1932 3117 1965 3160 c)
1988 3119 2181 3151 deminutis
2204 3121 2233 3154 1.

361 3163 398 3205 d)
422 3162 493 3195 siba
515 3163 571 3205 (z
592 3163 719 3207 verba)
741 3163 782 3198 A.
807 3171 896 3194 corr.
915 3162 955 3193 T.
1044 3161 1078 3202 e)
1100 3162 1216 3194 altare
1238 3161 1283 3194 A.
1370 3161 1399 3203 f)
1419 3163 1668 3194 renouationis
1692 3163 1733 3204 A,
1757 3161 1881 3194 deinde
1905 3171 1922 3194 s
1945 3172 2080 3195 erasum
2102 3165 2134 3195 1.

358 3276 401 3328 1)
434 3277 589 3323 Trium
615 3277 712 3332 fere
742 3277 918 3322 dierum
946 3277 1146 3331 spatium
1177 3290 1277 3322 cum
1306 3277 1368 3321 sit
1394 3277 1547 3321 itineri
1566 3291 1595 3321 a
1619 3276 1839 3321 Thriburi
1858 3277 1922 3321 ad
1943 3277 2233 3333 Maqdeburq

349 3334 478 3387 facto
518 3336 820 3387 tribuendum,
863 3335 933 3378 die
977 3335 1082 3378 Ian.
1116 3335 1172 3379 28
1207 3347 1371 3389 corpus
1410 3334 1740 3390 archiepiscopi
1773 3335 1884 3378 illuc
1921 3335 2097 3379 videtur
2127 3347 2231 3390 per-

357 3392 539 3435 venisse.
678 3393 721 3446 2>
769 3391 1102 3437 Monasterium
1130 3392 1368 3447 Berqense.
1428 3394 1482 3435 L.
1620 3391 1663 3445 3)
1709 3391 1908 3445 Lucani,
1948 3392 2078 3446 apud
2104 3405 2233 3448 quem

358 3448 545 3496 (Phars.
570 3450 671 3503 ΙΙΙ,
705 3451 970 3500 145-147)
1000 3450 1111 3493 haec
1141 3450 1375 3505 lequntur:
1421 3448 1643 3501 Libertas,
1685 3448 1846 3506 inquit,
1890 3448 2056 3503 populi,
2129 3461 2231 3492 uem

357 3518 497 3605 regna
528 3509 747 3606 coement,
789 3506 1021 3551 Libertate
1052 3507 1190 3561 perit3
1236 3506 1357 3550 cuius
1388 3506 1630 3550 servaveris
1668 3506 1893 3558 umbram,
1937 3504 1984 3549 Si
2015 3462 2230 3565 quidquid

359 3575 405 3603 iu
440 3576 541 3607 eare
572 3577 623 3607 ve
645 3578 695 3607 is.
