2456 4036
211 399 344 454 (994).

372 265 430 309 78
862 260 1199 305 THIETMARI
1231 259 1447 305 CHRON.
1507 262 1622 306 LIB.
1654 262 1765 306 1111.

376 389 588 442 volante
627 387 787 460 [mox]
828 387 1099 440 dilatatur.
1176 386 1519 440 Bernhardus
1551 387 1674 452 dux,
1715 389 1807 456 qui
1836 390 2110 457 proximus
2139 389 2259 455 fuit,

375 461 592 513 nuntios
643 477 803 528 quam
856 474 1082 525 propere
1134 457 1304 521 misit,
1367 459 1459 526 qui
1514 460 1753 526 precium
1811 478 1908 528 pro
1968 461 2259 514 eorundem

373 532 705 585 redemtione
743 530 821 581 eis
858 529 1196 596 promitteret
1232 533 1286 582 et
1323 530 1668 583 conveniendi
1714 530 1936 599 pacifice
1985 549 2048 585 ac
2083 533 2259 585 locum

375 602 712 670 colloquendi
755 605 977 668 peteret.
1059 600 1241 652 Parati
1281 606 1430 666 sunt,
1476 619 1664 669 pacem
1702 603 1943 655 firmama
1980 609 2033 656 et
2073 603 2261 657 ineffa-

314 713 326 723 .
374 674 534 726 bilem
584 673 904 740 pepigerunt
955 671 1253 737 pecuniam.
1352 671 1491 734 Quid
1545 678 1725 726 autem
1778 674 1847 727 ad
1898 673 2030 728 haec
2089 676 2261 743 primo

184 2549 268 2582 Iun.
285 2549 340 2581 28.

374 742 535 815 [rex]b
596 742 894 810 deindeque
958 743 1013 793 in
1065 743 1267 795 nostris
1317 743 1563 811 partibus
1622 746 1794 798 omnis
1847 746 2260 799 christianorum

372 821 520 883 larga
570 814 877 881 benignitas
928 812 1109 866 debito
1161 813 1516 868 humanitatis
1567 815 1738 868 offitio
1791 817 2117 886 inpenderit,
2172 835 2259 870 ex-

370 887 571 954 plicare
617 902 721 938 non
767 883 986 940 suffitio,
1071 885 1246 938 Mater
1283 891 1463 938 autem
1503 904 1622 940 mea
1659 892 1810 940 tanto
1850 888 2034 942 dolore
2071 889 2260 941 intrin-

370 974 522 1010 secus
562 960 826 1009 commota
871 973 1048 1021 omne,
1101 956 1242 1025 quod
1281 957 1472 1010 habuit
1514 959 1594 1011 vel
1640 960 1918 1028 acquirere
1957 960 2066 1013 ullo
2104 959 2260 1013 modo

369 1029 559 1097 potuit,
598 1046 697 1097 pro
737 1028 967 1080 fratrum
1005 1029 1280 1096 ereptione
1318 1028 1614 1083 attribuite.

513 1100 596 1152 24.
684 1100 950 1152 Execrata
1003 1116 1127 1153 vero
1188 1100 1522 1167 piratarumd
1579 1101 1740 1154 turba
1798 1120 1917 1155 cum
1973 1103 2260 1155 maximam

368 1171 622 1224 collectae
644 1172 904 1239 pecuniae
928 1175 1136 1238 partem
1160 1172 1401 1225 inmenso
1429 1173 1624 1226 suimet
1647 1173 1884 1240 pondere
1907 1175 2259 1243 perciperent,

367 1243 609 1296 Heinrici
661 1243 772 1295 vice
823 1241 991 1295 filium
1044 1243 1159 1295 eius
1220 1244 1436 1296 unicum
1491 1243 1803 1313 sigifridum
1865 1246 2077 1298 nomine
2139 1263 2258 1298 cum

366 1314 704 1368 Garevardoe
746 1312 820 1385 [et
858 1312 1204 1385 Vulferem0],
1245 1315 1521 1384 Ethelgeri
1560 1321 1740 1368 autem
1780 1316 1896 1370 loco
1937 1317 2258 1369 avunculum

369 1384 647 1458 [eiusdem]
689 1385 1032 1438 Thiedricum
1077 1391 1130 1439 et
1173 1387 1371 1440 amitae
1410 1389 1606 1440 suimet
1648 1386 1816 1439 filium
1857 1387 1980 1441 Olef
2012 1393 2258 1441 vocatum

367 1459 736 1527 succipienteS,
769 1463 845 1522 ut,
878 1457 1022 1526 quod
1044 1457 1110 1510 de
1134 1459 1401 1524 promisso
1431 1459 1511 1511 eis
1540 1464 1755 1511 tesauro
1787 1459 1961 1512 adhuc
1985 1461 2258 1524 remansit,

366 1546 429 1582 eo
460 1530 694 1583 velocius
727 1529 1108 1597 colligereturf,
1152 1546 1242 1582 eos
1274 1529 1424 1582 abire
1463 1530 1716 1599 Sigifrido
1748 1531 1919 1583 solum
1950 1539 2258 1584 remanente

364 1602 623 1670 permisit.
714 1599 846 1653 *Hic
899 1601 1028 1669 quia
1078 1600 1250 1653 filium
1297 1619 1403 1655 non
1448 1601 1662 1667 habuit,
1716 1620 1749 1654 a
1794 1608 1966 1655 matre
2011 1621 2131 1656 mea
2174 1620 2256 1655 re·
2281 1621 2299 1640 *

364 1673 598 1726 medium
666 1672 734 1725 ab
803 1672 931 1724 uno'
979 1671 1213 1725 filiorum
1274 1673 1468 1726 suimet
1526 1674 1830 1743 postulavit.
1937 1674 2086 1738 Quae
2145 1680 2257 1727 tam

364 1745 701 1798 necessariae
759 1744 1017 1813 peticioni
1069 1744 1382 1798 satisfacere
1439 1745 1749 1798 desiderans
1817 1744 2132 1798 *nunciumg
2184 1745 2255 1798 ad
2279 1765 2297 1784 *

364 1816 615 1869 abbatem
675 1815 1013 1884 Rigdaguml
1081 1816 1326 1869 celeriter
1394 1818 1562 1882 misit,
1632 1817 1725 1885 qui
1789 1816 2012 1870 fratrem
2079 1835 2258 1870 meum

365 1888 683 1955 Sigifridum
743 1893 873 1940 tunc
927 1886 1003 1940 ibi
1059 1887 1158 1941 sub
1215 1887 1406 1942 habitu
1460 1888 1778 1942 monachico
1829 1888 2107 1957 degentem
2169 1907 2258 1941 ac-

365 1965 521 2028 cepta
566 1960 792 2013 licencia
835 1959 1132 2013 reduceret.
1227 1960 1325 2013 Hic
1372 1961 1500 2029 quia
1547 1961 1680 2013 satis
1724 1960 1961 2028 prudens
2008 1961 2088 2012 vir
2138 1960 2257 2025 fuit,

364 2033 571 2084 cunctis
633 2031 861 2084 sollicite
918 2031 1234 2099 perquisitis
1294 2032 1526 2085 iniustae
1577 2032 1834 2100 legationi
1884 2033 2121 2086 resistith
2189 2037 2257 2098 et,

364 2109 586 2172 propter
635 2121 821 2155 curam
870 2120 904 2155 a
950 2104 1061 2156 Deo
1114 2102 1218 2156 sibi
1268 2103 1528 2157 creditam
1582 2103 1724 2173 quod
1771 2103 1874 2156 hoc
1923 2104 2101 2157 facere
2150 2120 2259 2157 non

364 2180 719 2241 presumeret,
770 2174 1065 2242 respondit.
1152 2174 1385 2228 Nuntius
1431 2181 1634 2238 autem,
1682 2180 1745 2227 ut
1790 2176 1839 2228 ei
1885 2175 2088 2228 iussum
2139 2175 2257 2239 fuit,

365 2247 435 2300 ad
474 2246 870 2311 Ekkihardum,
918 2248 1011 2315 qui
1048 2244 1212 2299 tunc2
1249 2253 1430 2300 custos
1468 2247 1761 2300 aecclesiae
1799 2247 1972 2300 sancti
2012 2247 2260 2300 Mauricii

364 2324 417 2371 et
453 2319 711 2387 magister
749 2323 868 2371 erat
906 2318 1097 2382 scolae,
1141 2319 1374 2384 venieDS,
1420 2325 1481 2371 ut
1518 2337 1601 2371 me
1641 2318 1709 2371 ob
1746 2337 1858 2371 rem
1897 2319 2255 2372 necessariam

363 2390 525 2442 matri
562 2407 712 2443 meae
754 2390 1068 2454 remitteret,
1109 2391 1332 2459 supplex
1362 2391 1584 2457 rogavit.
1659 2390 1796 2443 Veni
1835 2395 2039 2443 etcum
2077 2390 2257 2443 laicali

364 2462 573 2527 habitu,
621 2479 727 2530 quo
767 2461 911 2531 apud
950 2461 1156 2529 piratas
1201 2461 1364 2515 debui
1409 2462 1565 2515 obses
1605 2463 1935 2527 conversari,
1980 2461 2256 2531 prioribus

365 2534 542 2602 adhuc
581 2534 801 2586 indutus
843 2535 1171 2586 vestimentis
1214 2534 1274 2586 V.
1316 2535 1452 2586 feria
1489 2533 1765 2600 profectus
1804 2551 1936 2586 sum.

508 2606 591 2660 25.
651 2606 723 2657 Et
766 2606 821 2657 in
865 2605 985 2673 ipsa
1029 2605 1117 2674 die
1157 2605 1443 2674 Sigifridus
1489 2605 1555 2658 de
1599 2606 1845 2674 pervigili
1888 2605 2121 2658 hostium
2159 2622 2252 2657 cu-

363 2678 556 2741 stodia,
598 2695 704 2746 qua
742 2677 971 2729 multum
1008 2677 1317 2730 vulneratus
1356 2677 1714 2743 detinebatur,
1760 2679 1838 2730 sic
1876 2676 2052 2730 divino
2092 2677 2261 2729 evasit

364 2750 585 2802 auxilio,
663 2748 811 2800 Idem
850 2749 906 2800 in
944 2749 1197 2815 angustia
1232 2749 1532 2802 vehementi
1572 2749 1782 2817 positus
1820 2767 1943 2801 cum
1973 2747 2257 2802 Nodbaldo

364 2827 419 2873 et
470 2820 729 2885 Edicone‚
794 2820 1058 2888 quomodo
1113 2820 1384 2885 evaderet,
1445 2821 1734 2888 plurimum
1788 2838 1997 2889 semper
2044 2837 2257 2874 versans

362 2893 605 2961 precepit
642 2892 742 2944 hos
780 2892 947 2945 veloci
985 2893 1247 2957 navicula,
1294 2899 1555 2960 quantum
1601 2892 1700 2956 his,
1752 2893 1844 2960 qui
1889 2910 2009 2944 eum
2056 2891 2255 2944 detine-

363 2964 510 3028 bant,
551 2964 683 3016 satis
722 2963 979 3017 valuisset
1024 2964 1349 3029 ministrare,
1396 2963 1461 3016 de
1508 2965 1629 3016 vino
1675 2981 1738 3016 ac
1783 2963 1849 3015 de
1896 2964 2122 3016 caeteris
2164 2980 2259 3029 ap-

361 3035 754 3104 pertinentibus
801 3035 904 3088 sibi
942 3035 1168 3087 deferre.
1263 3035 1431 3088 Iussis
1477 3040 1590 3087 tum
1637 3036 1750 3087 sine
1787 3052 1936 3087 mora
1975 3034 2258 3103 completis

364 3125 524 3160 canes
548 3108 698 3160 avari
731 3106 1160 3172 saturabantur¹;
1194 3106 1444 3174 factoque
1469 3124 1624 3159 mane
1645 3106 1914 3174 presbiter
1938 3106 2006 3158 ad
2036 3109 2258 3159 missam

362 3185 604 3248 paratur,
653 3184 706 3231 et
735 3197 912 3231 comes
945 3179 1149 3231 cunctis
1193 3178 1396 3248 absque
1439 3177 1751 3231 custodibus
1795 3179 1966 3230 solum
2004 3177 2256 3230 hesterno

363 3251 600 3318 gravatis
646 3251 769 3304 vino
830 3249 901 3303 ad
951 3267 1167 3319 proram
1222 3250 1497 3303 lavaturus
1549 3249 1807 3302 accedens
1859 3249 2026 3318 puppi
2071 3255 2258 3318 parate

362 3379 398 3418 a)
435 3378 576 3411 firmam
607 3378 693 3411 dare
722 3382 757 3412 2.
791 3380 831 3412 A.
848 3380 888 3413 S.
915 3380 940 3412 l.
958 3381 982 3411 l.
1093 3379 1131 3420 b)
1167 3381 1217 3411 ita
1249 3380 1287 3419 T,
1326 3380 1365 3418 23
1403 3379 1585 3418 inperator
1613 3379 1801 3419 scripserat
1832 3380 1876 3413 B.
1906 3379 1999 3418 quod
2031 3378 2180 3410 restituit
2219 3378 2255 3410 V.

363 3421 396 3461 c)
418 3425 455 3452 at
476 3432 612 3454 erasum
637 3425 668 3455 1.
750 3423 788 3463 d)
810 3423 968 3462 piratum
992 3425 1023 3454 l.
1107 3421 1141 3463 e)
1165 3431 1184 3454 e
1207 3422 1292 3454 add.
1317 3423 1355 3454 T.
1438 3422 1468 3463 f)
1493 3423 1542 3453 ita
1566 3421 1608 3461 V‚·
1635 3423 1827 3461 colligetur
1850 3423 1892 3454 B.
1968 3420 2006 3461 g)
2028 3422 2197 3453 nuceium
2222 3423 2252 3452 1.

362 3464 402 3504 h)
424 3466 472 3496 ita
503 3466 548 3504 V,·
572 3466 712 3498 insistit
735 3467 776 3507 B,
809 3466 941 3498 restitit
963 3466 1005 3498 A.
1025 3466 1062 3497 S.
1087 3467 1110 3498 l.
1129 3468 1154 3497 l.
1241 3465 1271 3507 i)
1295 3465 1554 3497 saturabuntur
1577 3467 1611 3505 13
1639 3468 1845 3496 saturantur
1868 3465 1910 3497 A.
1929 3465 1966 3496 S.
1992 3466 2015 3496 l.
2034 3466 2058 3497 l.

366 3563 407 3614 1)
456 3566 676 3610 Abbatem
722 3566 767 3610 S.
805 3566 1031 3610 Iohannis
1078 3567 1292 3622 Maydeb.
1339 3566 1612 3619 seeundum,
1668 3567 1747 3622 qui
1789 3567 1973 3622 quando
2020 3565 2255 3620 Herdinqo

362 3622 484 3675 (III,
519 3625 567 3665 11
570 3626 592 3674 )
621 3625 899 3678 successerit,
929 3638 1020 3668 non
1050 3629 1237 3668 constat.
1356 3623 1399 3677 2)
1433 3623 1611 3668 Scilicet
1634 3637 1690 3667 eae
1714 3630 1852 3667 morte
1878 3623 2050 3668 Ohtriei
2071 3621 2115 3676 (†
2137 3622 2255 3676 981).
