2456 4036
759 167 1095 212 THIETMARI
1124 167 1341 213 CHRON.
1400 169 1515 214 LIB.
1545 169 1597 213 V.
2022 173 2105 217 113

239 289 494 364 eundema
546 291 844 358 suscipiunt
893 295 1123 362 apertis3
1192 295 1591 364 completurque
1650 295 1792 364 quod
1851 296 2102 363 scriptum
2136 305 2260 351 1002.

239 365 344 414 est:
378 359 644 426 Letantur,
674 381 785 414 cum
814 364 1209 431 male-fecerint,
1239 385 1300 417 ac
1330 366 1560 418 exultant
1588 368 1647 418 in
1675 366 1824 418 rebus
1842 367 2078 435 pessimis
2086 387 2107 433 ‚·
2129 382 2238 414 Prov-
2255 385 2287 423 2,
2304 385 2357 416 14.

239 435 292 483 et
335 431 587 483 iterum*:
629 430 759 484 Sunt
801 435 1070 504 principia
1114 455 1286 488 eorum
1329 446 1383 488 ut
1428 437 1527 489 mel
1569 445 1615 489 ct
1643 437 1920 489 novissima
1951 438 2105 506 quasi
2125 452 2211 485 ibid.
2229 453 2261 494 5,
2276 454 2310 486 3.
2324 456 2358 485 4.

239 502 577 554 abscinthium
587 501 625 556 b.

383 572 464 626 10.
519 571 634 624 Hac
663 572 865 626 elatus⁰
907 577 1262 643 prosperitate
1299 578 1629 631 Bolizlavus⁰
1665 595 1844 631 omnes
1875 578 2106 644 regionis

238 642 381 696 illius
418 643 672 694 terminos
710 662 878 712 usque
923 645 992 697 ad
1031 647 1262 699 Elstram
1305 647 1520 701 fiuvium
1575 649 1946 717 preoccupavit
1989 666 2106 717 pre-

238 714 494 781 sidiisque
533 714 726 767 suimet
762 717 950 768 munit.
1037 716 1491 785 Congregantibus
1529 737 1585 772 se
1622 724 1746 772 tunc
1785 720 2108 772 unanimiter

238 784 309 838 ad
359 783 492 836 haec
554 784 887 853 prohibenda
945 789 1142 840 nostris
1201 789 1416 842 dolosus
1474 790 1563 842 ille
1614 790 1848 858 legatum
1900 789 2107 843 obviam

239 855 404 918 misit,
466 856 558 924 qui
611 873 665 908 se
717 862 1107 926 protestaretur
1158 876 1275 911 cum
1328 861 1501 927 gratia
1551 860 1789 914 Heinrici
1841 861 1991 913 ducis
2044 877 2108 913 ac

238 926 462 980 licencia
498 925 629 978 haec
667 927 950 994 incepisse3
1005 930 1060 981 in
1097 930 1245 982 nullo
1284 947 1339 982 se
1376 931 1565 983 incolis
1602 932 1901 985 nociturum
1949 936 2022 995 et,
2062 931 2108 984 si

239 996 451 1066 quando
499 997 546 1050 is
594 997 648 1049 in
696 1015 857 1067 regno
902 1000 1123 1067 vigeret,
1171 1000 1432 1054 voluntati
1480 1001 1715 1054 eiusdem
1764 1003 1820 1055 in
1865 1001 2107 1055 omnibus

238 1085 605 1132 assensurum;
667 1069 748 1120 sin
800 1075 1000 1134 autem,
1062 1070 1205 1138 quod
1256 1071 1338 1124 his
1396 1077 1508 1124 tum
1570 1073 1822 1139 placeret,
1882 1072 2109 1126 libenter

238 1140 522 1194 facturum.
624 1139 739 1193 Hoc
814 1141 1293 1196 animadvertentes
1362 1144 1532 1195 nostri
1603 1145 1768 1197 verbis
1834 1143 2106 1197 credidere
2173 1187 2308 1219 Tem,

236 1210 560 1282 phaleratisl
620 1215 672 1264 et
723 1211 1021 1276 inhoneste,
1086 1213 1240 1280 quasi
1291 1213 1360 1265 ad
1411 1213 1704 1278 dominum,
1763 1214 1833 1267 ad
1885 1213 2107 1268 eundem
2130 1210 2366 1266 Phorm.1'11‚

239 1282 462 1351 profecti
493 1281 748 1343 honorem
786 1283 1028 1336 innatum
1061 1283 1445 1352 supplicatione
1476 1290 1528 1337 et
1556 1285 1757 1338 iniusta
1789 1285 2108 1338 servitute**
2190 1272 2223 1311 ⁵⁹
2246 1272 2299 1304 ¹⁵·

238 1353 531 1407 mutabant.
609 1353 778 1417 Quam
810 1354 991 1422 inique
1023 1355 1366 1422 comparandi
1399 1364 1522 1408 sunt
1553 1362 1911 1409 antecessores
1940 1357 2111 1409 nostri

243 1430 295 1478 et
343 1424 813 1493 *contemporalesl
914 1425 1133 1478 Vivente
1188 1427 1395 1494 egregio
1445 1426 1696 1480 Hodoned
1756 1433 1909 1495 pater
1955 1427 2111 1480 istius

241 1495 437 1549 Miseco
483 1495 727 1560 domum,
782 1513 888 1564 qua
933 1514 1052 1549 eum
1098 1514 1210 1549 esse
1255 1497 1476 1560 sciebat,
1534 1496 1869 1551 crusinatus²
1911 1498 2111 1550 intrare

238 1567 319 1628 vel
357 1584 418 1620 eo
456 1572 767 1635 assurgente
805 1585 1094 1635 numquam
1130 1570 1455 1635 presumpsit
1492 1568 1690 1624 sedere.
1764 1569 1908 1621 Deus
1938 1568 2111 1622 indul-

240 1645 361 1706 geat
399 1638 727 1706 imperatori,
767 1638 913 1707 quod
949 1638 1325 1691 tributarium0
1369 1639 1569 1692 faciens
1607 1639 1874 1692 dominum
1913 1639 1982 1691 ad
2013 1638 2113 1691 hoc

240 1726 492 1778 umquam
531 1709 770 1775 elevavit,
816 1718 874 1762 ut
911 1709 1077 1762 oblita
1114 1711 1196 1762 sui
1233 1711 1489 1778 genitoris
1526 1711 1710 1779 regula
1759 1727 1965 1779 semper
2009 1709 2112 1763 sibi

239 1781 539 1850 prepositos
575 1781 796 1834 auderet
824 1781 879 1833 in
913 1780 1295 1834 subiectionem
1325 1781 1583 1850 paulatim
1614 1781 1892 1834 detrahere
1923 1781 2112 1833 vilissi-

240 1868 434 1921 moque
471 1858 692 1921 pecunie
729 1854 1055 1905 transeuntis
1095 1853 1355 1905 inescatos
1393 1870 1513 1906 amo
1551 1854 1607 1905 in
1644 1853 1911 1905 servitutis
1955 1851 2114 1904 liber-

243 1925 476 1992 tatisque
516 1923 894 1976 detrimentum
935 1941 1142 1991 capere.

387 1999 468 2049 11.
517 1994 614 2066 (7.)
687 1995 835 2048 Alter
880 1999 1059 2048 autem
1104 1994 1426 2058 BolizlavuS‚
1481 1994 1815 2046 Boemiorum
1861 1994 2113 2060 provisor,

243 2071 590 2133 cognomento
635 2066 807 2119 Rufus
853 2072 907 2119 et
957 2066 1250 2135 impietatis
1305 2071 1492 2118 auctor
1535 2066 1844 2129 immensae,
1894 2064 2115 2132 antiquo

243 2153 388 2190 more
432 2137 539 2190 iam
583 2137 859 2206 paululum
914 2137 1182 2190 refrenato
1234 2137 1358 2189 duci
1407 2137 1664 2205 aspiravit
1707 2135 1976 2200 Heinrico;
2024 2135 2116 2203 qui

243 2209 401 2261 inicio
448 2209 644 2262 mensis
690 2209 832 2261 Iunii
877 2226 996 2261 cum
1040 2208 1227 2277 primis
1272 2208 1633 2260 Bawariorum
1680 2211 1734 2259 et
1776 2206 2110 2259 orientalium
2135 2219 2219 2251 Iun.

246 2280 552 2333 Franciumf
579 2280 928 2333 Wormatiam
959 2281 1116 2343 venit,
1148 2297 1310 2332 causa
1343 2279 1548 2332 Renum
1577 2278 1775 2331 ibidem
1804 2277 2115 2330 transeundi

244 2351 621 2420 Magontiaque
690 2351 1117 2405 benediccionem
1186 2349 1496 2418 accipiendi.
1613 2348 1767 2413 Quod
1834 2347 2114 2416 prohibere

244 2422 604 2476 Herimannus
645 2422 754 2475 dux
789 2423 983 2476 nititur
1011 2422 1321 2490 nullumque
1351 2421 1425 2473 eis
1454 2420 1705 2489 patefecit
1735 2420 1879 2472 Reno
1909 2419 2116 2472 favente

246 2496 557 2562 ingressum.
639 2495 762 2547 Dux
799 2500 977 2547 autem
1018 2494 1300 2548 Heinricus
1338 2492 1520 2545 habito
1560 2491 1624 2544 de
1662 2491 1764 2544 hiis
1802 2489 1959 2543 rebus
1995 2495 2116 2543 cum

248 2567 358 2618 suis
398 2567 634 2632 consilio,
676 2565 921 2618 simulato
960 2566 1014 2616 in
1053 2564 1350 2617 Bawariam
1388 2563 1563 2616 reditu
1597 2561 1932 2629 transituque
1962 2561 2117 2628 quasi

247 2636 543 2706 desperato,
587 2636 656 2690 ad
695 2636 880 2690 urbem
919 2635 1188 2700 Larsem3,
1235 2634 1328 2688 ubi
1365 2640 1580 2687 sanctus
1618 2633 1904 2701 requiescit
1940 2632 2108 2684 Naza-

247 2708 377 2772 riuS,
426 2709 582 2761 venit.
657 2707 967 2776 Deindeque
1012 2707 1082 2760 ad
1113 2707 1436 2774 Magontiam
1475 2705 1720 2758 celeriter
1757 2702 2113 2772 *properando

247 2780 452 2832 Renum
498 2797 717 2833 securus
763 2780 1022 2847 enavigat.
1104 2778 1206 2830 Hic
1245 2777 1385 2832 VIII.
1414 2776 1491 2831 Id.
1525 2774 1698 2828 Iunii4
1735 2774 1928 2827 ibidem
1976 2784 2342 2827 com-111n-6(⁷)-

249 2852 397 2903 muni
435 2851 711 2904 devotione
749 2852 804 2903 in
841 2868 1016 2918 regem
1055 2849 1253 2901 electus
1292 2866 1324 2901 a
1361 2848 1645 2915 Willigiso,
1702 2845 1935 2898 eiusdem
1975 2843 2115 2896 sedis

249 2921 665 2990 archiepiscopO,
716 2920 1275 2989 suffraganeorumque
1315 2919 1509 2972 suimet
1545 2917 1743 2970 auxilio
1781 2920 1998 2984 accepta
2038 2932 2117 2967 re-

343 3052 388 3104 ss)
421 3050 506 3095 Sed
535 3064 639 3095 vere
667 3051 760 3094 illis
791 3050 977 3100 eveniet,
1010 3047 1124 3106 quod
1154 3048 1265 3092 item
1295 3047 1506 3102 scriptum
1538 3048 1605 3090 est
1633 3046 1672 3088 2.

315 3109 390 3163 ³23)
424 3109 570 3152 Sclavi
601 3109 707 3153 add.
730 3110 772 3162 2,
805 3111 861 3152 Α.
886 3108 932 3151 S.

261 3208 297 3239 a)
318 3207 543 3247 eundemque
565 3207 609 3240 A.
716 3206 753 3248 b)
776 3215 794 3238 c
819 3215 954 3239 erasum
976 3208 1008 3238 1.
1117 3205 1149 3244 c)
1180 3206 1229 3236 ita
1249 3204 1296 3242 V:
1318 3203 1435 3244 elatis,
1456 3201 1677 3234 bolizlauum
1700 3199 1742 3231 A.
1852 3197 1888 3239 d)
1910 3189 2050 3229 hddone
2082 3198 2120 3230 V.

251 3250 286 3292 e)
307 3251 542 3282 triburarium
566 3254 602 3290 13
635 3250 798 3281 sclavum
821 3248 905 3280 add.
925 3251 957 3281 2.
1043 3249 1073 3289 f)
1096 3249 1317 3280 Francorum
1339 3246 1377 3278 V.

255 3334 296 3388 1)
334 3337 415 3380 Em
453 3336 651 3380 Terentii
686 3335 866 3379 Phorm.
898 3336 997 3389 III,
1028 3335 1069 3386 5,
1104 3334 1180 3378 15:
1223 3330 1467 3387 phaleratis
1506 3328 1637 3372 dictis
1668 3327 1801 3371 ducas
1839 3340 1922 3371 me.
1989 3319 2120 3371 URS.

255 3393 330 3436 Ita
360 3398 401 3437 et
427 3392 552 3448 infra
591 3393 701 3446 VII,
733 3393 786 3436 51
817 3392 987 3446 (VIII,
1018 3392 1094 3443 71)
1110 3409 1123 3434 .·
1166 3388 1474 3445 promissiones
1504 3385 1776 3442 phaleratae.
1836 3386 1888 3427 L.
2004 3383 2047 3434 2)
2079 3383 2122 3425 A

254 3448 432 3494 Slavico
464 3450 650 3501 crusina,
680 3450 709 3492 i.
734 3462 769 3492 e.
799 3453 914 3493 veste
944 3449 1140 3502 pellicea.
1188 3447 1245 3491 L.
1342 3446 1386 3498 3)
1419 3444 1603 3488 Lorsch.
1702 3441 1746 3493 4)
1780 3440 1956 3485 Necrol.
1980 3440 2124 3484 Mers.

256 3511 296 3550 et
327 3507 486 3563 Mayd.
517 3507 622 3551 Iun.
647 3507 696 3551 7.-
730 3504 968 3549 Ordinatio
998 3503 1198 3549 Heinrici
1227 3501 1359 3558 regis.

1810 3582 1838 3627 8
