2456 4036
726 179 1062 227 THIETMARI
1091 182 1308 230 CHRON.
1368 186 1482 231 LIB.
1512 186 1626 231 1111.
2049 193 2105 237 97

385 306 470 359 59.
513 304 647 374 (38.)
713 305 1059 375 [Inperatoris
1104 316 1284 364 autem
1327 312 1551 381 predicti
1589 315 1764 382 gratia
1800 319 1854 367 et
1889 315 2106 370 hortatu

244 393 404 446 gener
440 374 696 439 Heinrici,
746 376 897 430 ducis
927 379 1305 447 Bawariorum,
1354 382 1586 455 [Waic]1
1623 385 1679 437 in
1715 402 1878 452 regno
1917 388 2109 440 suimet

245 445 568 526 episcopales
636 446 914 502 cathedras
979 449 1180 505 faciens
1247 470 1495 507 coronam
1565 459 1620 508 et
1685 454 2107 510 benediccionem

245 522 466 585 acceplt.

386 586 496 640 Nec
525 586 657 668 sileo
687 588 956 654 quoddam
985 592 1301 646 miraculum
1333 595 1656 664 temporibus
1685 596 1882 664 prefati
1913 600 2108 652 cesaris

245 660 441 712 Romae
480 658 704 711 caelitus
741 665 999 713 exortum.
1072 663 1209 716 Nam
1243 682 1364 718 cum
1395 665 1543 719 ducis
1573 667 1884 721 Herimanni
1913 669 2108 723 milites

243 729 624 810 monachorum
682 731 855 784 sancti
904 731 1057 785 Pauli
1116 740 1274 800 prata
1324 736 1375 789 vi
1433 755 1531 790 sua
1589 738 2107 805 comprehenderent,

244 800 556 869 suppliclter
592 799 659 853 ab
697 800 801 853 hiis
840 819 962 871 sepe
999 806 1172 872 rogati
1208 805 1478 860 discedere
1515 809 1814 865 noluerunt.
1888 810 1958 863 Et
1987 827 2109 864 con—

243 872 393 926 tinuo
450 870 620 924 nubes
674 872 855 925 variae
913 874 1230 941 ascendunt,
1289 876 1515 931 fulmina
1572 880 1792 948 micant,
1850 886 2108 934 terrorem

244 942 568 1023 dominicum
626 948 1009 1010 monstrantes;
1076 947 1306 1000 tonitrus
1362 949 1615 1002 terribilis
1681 952 1923 1019 protinus
1988 952 2108 1005 sub-

245 1019 485 1082 sequitur
542 1030 606 1066 ac
659 1031 724 1066 ex
784 1031 966 1067 eorum
1023 1034 1242 1070 numero
1302 1020 1530 1086 optimos
1588 1027 1816 1089 quatuor
1865 1022 2109 1076 occidens

244 1089 586 1153 caeterosque
645 1084 834 1152 fugans
887 1103 1149 1155 pauperes
1198 1088 1398 1142 Christi
1448 1091 1503 1143 in
1561 1090 1700 1162 [hoo]
1760 1093 1955 1146 mundo
2004 1111 2109 1146 non

245 1173 358 1210 esse
416 1155 842 1223 contemptibiles
902 1157 1148 1213 ostendit.
1251 1159 1526 1213 Protector
1583 1163 1724 1214 enim
1781 1168 1864 1216 est
1921 1165 2108 1217 talium

141 1268 150 1278 .
210 1226 566 1280 ‚mise*rioors
614 1227 759 1280 Deus
814 1232 867 1280 et
909 1228 1006 1281 hos
1059 1229 1412 1284 honorantesa
1455 1249 1519 1285 ac
1563 1234 1619 1285 in
1663 1235 1975 1288 necessitate
2011 1253 2110 1288 sua

210 1297 618 1352 .*exaudientes
695 1297 857 1366 digna
916 1299 1274 1354 retribucione
1338 1302 1579 1369 provehit
1651 1321 1935 1373 eorumque
1992 1324 2112 1373 per-

246 1377 513 1423 secutores
556 1372 651 1422 aut
686 1368 789 1433 hic,
837 1369 979 1436 quod
1014 1371 1181 1424 levius
1217 1371 1459 1439 habetur,
1505 1379 1600 1427 aut
1635 1375 1688 1426 in
1727 1375 1924 1441 futur0,
1970 1376 2111 1445 quod

246 1446 328 1495 est
363 1440 592 1509 graviuS,
631 1441 824 1510 punit]

212 1575 221 1584 ⁸
386 1512 471 1568 60.
532 1510 796 1580 [*Cesaris
826 1510 1063 1564 eiusdem
1096 1530 1261 1579 soror,
1293 1514 1522 1568 Mahtild
1544 1517 1768 1581 nomine,
1800 1516 2112 1573 Herimanni

245 1582 452 1637 comitis
498 1583 723 1652 palatini
770 1582 879 1635 filio
926 1583 1123 1636 Ezonib
1174 1586 1359 1653 nupsit
1370 1584 1407 1638 2.
1501 1587 1568 1640 Et
1618 1586 1717 1640 hoc
1771 1588 1953 1640 multis
2009 1588 2112 1641 dis-

243 1654 452 1724 plicuit3
500 1653 595 1707 sed
639 1654 767 1723 quia
809 1652 865 1706 id
910 1671 1017 1706 non
1055 1654 1221 1709 valuit
1265 1656 1548 1710 emendare
1591 1657 1851 1726 legaliter,
1898 1659 2112 1712 sustulit

245 1727 345 1779 hoc
380 1726 568 1779 unicus
605 1725 775 1778 frater
809 1724 956 1777 illius
992 1728 1277 1793 pacienter,
1317 1727 1450 1781 dans
1488 1730 1536 1781 ei
1574 1747 1733 1797 quam
1763 1730 2005 1798 plurima,
2044 1747 2110 1783 ne

246 1797 523 1851 vilesceret
558 1798 745 1850 innata
781 1796 884 1849 sibi
921 1813 954 1849 a
990 1798 1302 1864 parentibus
1340 1800 1559 1852 summis
1596 1800 1781 1867 gloria.

388 1868 453 1921 In
481 1867 812 1938 temporibus
843 1868 953 1920 suis
986 1867 1277 1933 Conradus,
1316 1869 1603 1923 Suevorum
1638 1870 1826 1923 ductor
1857 1870 2110 1938 egreius3,
2143 1881 2275 1937 (997).

247 1958 310 1993 ac
347 1939 585 1993 eiusdem
631 1939 801 1992 frater
837 1938 1151 1992 Heribertus
1203 1940 1413 1993 comes4
1463 1958 1666 2002 necnon
1705 1941 1857 1994 Hodo
1901 1941 2113 1994 inclitus

245 2011 486 2064 marchio
501 2011 546 2076 ⁵,
604 2028 702 2080 pro
763 2010 940 2076 dolor!
996 2016 1165 2064 morte
1223 2016 1593 2065 momentanea
1652 2012 1913 2081 depressi⁶
1971 2019 2108 2066 sunt.
2141 2022 2276 2078 (993).

249 2082 534 2151 Sigifridus
578 2086 757 2135 autem
796 2080 1035 2151 'predicti
1078 2082 1399 2136 marchionis
1443 2082 1584 2136 filius
1635 2084 1692 2135 in
1734 2083 1882 2135 Nova
1932 2083 2062 2136 urbe
2074 2082 2111 2145 ⁶,

247 2153 341 2207 ubi
392 2159 546 2221 pater
596 2171 724 2207 suus
777 2154 1085 2222 requiescit,
1146 2154 1285 2207 inter
1337 2155 1622 2207 monachos
1676 2154 1767 2206 diu
1819 2155 1873 2206 in
1931 2154 2115 2207 eodem

247 2224 439 2278 habitu
491 2230 831 2279 conversatus
897 2224 1159 2277 cucullam
1217 2225 1462 2293 proiecit,
1530 2225 1770 2278 laicalem
1825 2226 2114 2294 suscipiens

250 2302 448 2350 vestem
460 2296 498 2352 7.
573 2297 676 2361 Qui
719 2295 788 2349 ab
832 2294 1140 2349 Ekkihardo
1185 2295 1380 2349 abbate
1425 2296 1557 2349 suoss
1585 2301 1637 2350 et
1667 2296 1912 2349 Gisillero
1940 2295 2114 2349 archi-

249 2368 461 2437 presule
498 2373 716 2421 vocatus
755 2366 820 2419 ad
861 2366 1103 2420 sinodum
1142 2366 1610 2435 Parthenopolimd
1648 2368 1794 2420 venit
1830 2372 1895 2432 et,
1935 2384 2115 2435 quam-

252 2482 288 2524 υ.)
309 2482 525 2514 honorantes
548 2483 595 2515 D.
682 2481 721 2522 b)
746 2490 856 2514 ezone
878 2483 926 2514 D.
1014 2480 1048 2523 c)
1070 2482 1119 2514 ita
1143 2482 1188 2522 V;
1212 2481 1353 2522 depresi
1375 2482 1420 2514 D.
1514 2481 1551 2523 d)
1571 2482 1810 2522 parthepolim
1832 2483 1865 2514 1.

253 2555 296 2607 1)
326 2553 419 2598 Rex
448 2553 704 2598 Pannoniae
734 2554 839 2597 add.
871 2555 992 2598 Ann.
1024 2553 1138 2598 Sam.
1175 2568 1215 2597 a.
1249 2553 1346 2598 999.
1410 2553 1527 2598 Fuit
1555 2552 1809 2609 Stephanus
1837 2554 1879 2596 I.
1914 2565 1993 2596 rea:
2030 2551 2116 2597 Un-

251 2612 412 2667 ‚qariae
456 2610 761 2665 (997-1038),
805 2611 886 2667 qui
927 2610 1125 2654 Giselam
1169 2610 1380 2655 Heinrici
1422 2610 1551 2655 ducis
1596 2615 1638 2654 et
1678 2610 1958 2665 postmodum
1999 2609 2119 2665 reyis

254 2681 448 2712 sororem
487 2669 539 2712 in
577 2668 862 2714 ‘matrimonio
901 2667 1084 2721 habuit5
1138 2666 1196 2722 cf.
1237 2666 1414 2712 ‘Jahrb.
1456 2667 1696 2711 Heinrichs
1728 2667 1814 2711 IL'
1856 2667 1899 2720 I,
1939 2667 2023 2710 299
2056 2679 2117 2721 sq.

255 2724 300 2779 2)
341 2727 416 2770 De
451 2738 538 2782 quo
575 2724 633 2780 cf.
674 2725 852 2770 ‘Jahrb.
891 2725 1136 2769 Heinrichs
1164 2725 1252 2768 IL’
1291 2726 1342 2778 I,
1384 2725 1565 2769 Eoecurs
1593 2724 1671 2768 IV
1710 2723 1848 2774 (auct.
1886 2723 2116 2778 Usinqerss

255 2783 490 2827 Mahthud
525 2782 642 2827 diem
682 2795 940 2837 supremum
975 2781 1087 2826 obiit
1115 2795 1157 2825 a.
1182 2782 1293 2826 1025
1325 2781 1439 2825 Nov.
1463 2782 1511 2833 4,
1548 2782 1674 2825 Ezzo
1706 2795 1747 2824 a.
1772 2781 1882 2824 1034
1911 2780 2026 2823 Mai.
2050 2779 2118 2823 21.

255 2838 299 2893 3)
343 2840 597 2884 Konradus
628 2841 669 2882 I.
708 2840 803 2883 dux
841 2839 1142 2882 Alemanniae
1180 2836 1474 2892 (982—997),
1512 2836 1636 2893 filius
1680 2837 1848 2882 Udonis
1869 2837 1911 2879 I.
1951 2835 2120 2879 comitis

257 2897 300 2950 (†
330 2897 430 2950 949)
467 2902 508 2941 et
540 2902 673 2952 pater
712 2895 986 2940 Herimanni
1014 2897 1085 2938 II.
1122 2909 1267 2951 supra
1308 2895 1651 2948 commemorati,
1693 2898 1892 2937 ‘mortuus
1932 2897 1996 2936 est
2035 2893 2119 2936 997

256 2954 375 3009 Auy.
407 2956 464 2998 20
473 2969 483 3005 ;
531 2953 588 3006 cf.
639 2953 712 2997 W.
743 2966 783 2997 v.
818 2951 1121 3007 Giesebrecht,
1164 2952 1406 2997 ‘Deutsche
1452 2951 1778 3005 Kaiseryeseh.'
1822 2948 1903 3003 ⁵1,
1938 2962 1986 3004 p.
2019 2949 2116 2993 669.

256 3011 300 3063 4)
339 3010 481 3055 Cuius
510 3011 596 3064 filii
622 3011 751 3063 infra
792 3015 1031 3054 occurrunt
1061 3009 1351 3053 Gevehardus
1388 3009 1557 3061 (VIII,
1596 3009 1672 3058 49)
1715 3012 1756 3051 et
1793 3007 1894 3051 Otto
1929 3006 2009 3059 (V,
2049 3006 2117 3055 24,

258 3068 349 3120 IX,
382 3068 422 3112 7.
455 3069 541 3120 18).
668 3069 712 3121 5)
755 3067 969 3111 Mortuus
1000 3072 1064 3111 est
1091 3071 1197 3111 teste
1230 3066 1405 3110 Necrol.
1435 3066 1605 3109 Luneb.
1645 3066 1785 3108 Mart.
1810 3064 1864 3108 13
1875 3078 1889 3117 ;
1930 3063 2047 3118 quod
2076 3076 2118 3106 a.

258 3125 341 3169 993
366 3124 585 3169 accidisse
609 3137 647 3167 v.
664 3123 874 3176 Leutsch,
898 3121 1169 3179 ‘Markyraf
1179 3122 1310 3166 G-ero'
1331 3135 1378 3176 p.
1397 3124 1478 3166 136
1495 3122 1715 3176 probavit.
1795 3119 1837 3173 6)
1871 3120 2118 3163 Munchen-

259 3181 494 3237 Nienbury
523 3181 689 3237 oppido
720 3181 781 3224 ad
811 3180 1100 3233 confluentem
1133 3180 1268 3224 Salac
1299 3185 1340 3223 et
1367 3179 1527 3223 Bodae
1555 3179 1653 3222 sito.
1769 3176 1812 3230 7)
1845 3176 1955 3220 Cum
1986 3175 2119 3219 Hodo

259 3238 309 3282 in
350 3239 619 3282 monasterio
669 3237 1007 3291 Nienburyensi
1058 3251 1088 3281 a
1142 3237 1393 3280 Thietmaro
1440 3235 1694 3279 marchione
1742 3238 1783 3277 et
1826 3233 1971 3286 fratre
2022 3232 2121 3276 eius

261 3294 434 3340 Gerone
469 3296 664 3349 fundato
705 3295 906 3349 sepultus
949 3294 1006 3338 su
1054 3299 1096 3338 et
1135 3293 1252 3337 Gero
1296 3292 1542 3336 Thietmari
1576 3291 1705 3346 filius
1752 3291 1801 3333 in
1838 3289 2042 3333 marchia
2082 3290 2124 3333 ei

260 3353 536 3406 successerit,
567 3350 816 3407 Siyifridus
845 3356 994 3394 autem
1018 3349 1226 3394 Hodonis
1254 3349 1376 3403 filius
1404 3349 1573 3392 invitus
1602 3347 1847 3391 monachus
1866 3345 2024 3401 faetus
2046 3346 2122 3399 sit,

255 3415 512 3510 fflma·
525 3409 676 3508 “md
690 3407 882 3452 amm
910 3402 2123 3518 910ῼὲ0999ἧψᾳξῖῑῖἕῆῑξῧζέἕψῷξῖῖῑῗ

333 3479 508 3510 aman
597 3479 643 3509 se
731 3477 821 3508 non
880 3477 1015 3507 mart
1088 3477 1119 3507 n
1287 3477 1300 3505 z
1464 3507 1470 3515 ,
2108 3492 2122 3503 .

264 3521 308 3575 8)
340 3499 876 3576 Abbate'Nienburqensi
903 3520 1180 3570 994—1017;
1222 3522 1279 3574 cf.
1317 3520 1454 3569 Vm,
1485 3518 1553 3562 65.

1815 3600 1843 3645 7
