2372 3970
327 112 434 156 XVI
901 109 1239 155 THIETMARI
1271 108 1634 153 CHRONICON.

329 240 505 290 ‘nimis
543 239 832 290 arbitrario
862 238 1012 289 modo
1050 236 1341 287 immutavit
1377 244 1422 286 et
1451 237 1704 288 recensuit
1738 238 1909 305 potius
1939 257 2090 306 quam
2129 241 2214 291 de·-

329 323 572 391 scripsit'.
649 324 725 373 Ac
763 323 810 373 si
846 322 1005 372 codex
1036 320 1348 371 Dresdensis
1385 321 1598 389 ‘inteqer
1628 321 1774 373 nobis
1811 331 1934 373 esset
1971 333 2216 387 servatus,

329 408 439 458 alio
469 426 690 476 prorsus
726 426 829 458 non
866 404 1166 474 eqeremus’:
1203 423 1265 456 ea
1301 405 1469 474 iqitur
1505 414 1720 470 tantum,
1769 425 1899 474 quae
1935 407 2219 476 Dresdensi

329 492 532 555 desunt,
580 511 603 543 e
653 489 991 541 Bruxellensi
1042 488 1303 558 Lappenb.
1357 492 1577 560 sumpsit
1632 500 1841 560 praeter
1894 492 2214 544 collationem

332 577 582 629 Leibnitii
628 578 686 627 in
736 575 1035 626 bibliotheca
1083 575 1233 644 reqia
1274 576 1663 628 Hannoverana
1713 586 1969 630 servatam
2016 596 2148 630 nova
2186 598 2219 629 a

330 663 656 712 Bethmanno
679 660 838 730 facta
868 678 1005 714 usus.
1086 659 1286 719 Quibus
1316 679 1406 730 eqo
1438 662 1572 712 nihil
1610 663 1795 727 adieci,
1835 664 1944 716 nisi
1973 683 2051 729 ea,
2090 683 2220 733 quae

345 747 510 798 Waitz
549 745 645 800 SS.
684 744 772 809 VI,
806 764 859 813 p.
894 745 999 797 543
1037 745 1351 814 cor-riqenda
1388 765 1491 797 esse
1531 749 1739 799 monuit.

471 844 559 894 Eae
606 843 915 895 editionibus
964 844 1372 913 antiquioribus,
1422 863 1551 913 quas
1588 844 1854 915 Lappenb.
1885 849 1962 898 'in
1999 848 2221 917 praefa-

328 931 462 982 tione
502 932 576 998 (p.
613 928 743 996 732)
783 947 956 981 omnes
994 930 1209 996 eoehibet,
1247 931 1338 981 hoc
1377 930 1484 981 loco
1514 949 1673 982 unam
1710 932 1842 982 hanc
1879 931 2069 1003 afferre
2106 934 2222 1002 suf-

312 1015 491 1084 ficiat:
531 1014 822 1066 ‘Ditbmari
863 1014 1151 1067 Chronicon
1189 1016 1261 1066 ad
1289 1015 1449 1083 fidem
1488 1016 1680 1075 codicis
1709 1016 2022 1069 Dresdensis
2058 1018 2223 1070 denuo

328 1101 600 1164 recensuit,
650 1099 856 1165 Ursini,
904 1100 1270 1170 Kinderlinqii
1306 1109 1352 1152 et
1402 1101 1729 1167 Wedekindi,
1777 1104 1975 1170 passim
2020 1111 2066 1154 et
2103 1123 2224 1155 suas

329 1185 523 1237 adiecit
553 1193 703 1237 notas
733 1186 777 1236 I.
816 1186 880 1239 A.
919 1186 1161 1256 Waqner,
1194 1186 1431 1238 Norimb.
1465 1206 1515 1240 a.
1553 1189 1704 1241 1807.
1743 1187 1812 1241 4]
1892 1187 2222 1258 Quamquam

327 1271 463 1322 enim
505 1270 691 1322 ‘codice
722 1271 1012 1323 Dresdensi
1040 1271 1353 1342 neqliqenter
1391 1272 1616 1338 tantum’‚
1659 1281 1712 1323 ut
1749 1274 1827 1325 ait
1859 1274 2047 1344 Lapp„
2086 1277 2225 1328 ‘usus

327 1365 400 1408 est
447 1356 647 1423 editor’,
698 1365 866 1409 tamen
917 1358 1298 1409 ‘adnotationes
1344 1357 1504 1409 bonae
1540 1357 1732 1428 fruqis
1769 1367 1884 1410 sunt
1925 1360 2152 1428 plenae';
2200 1380 2224 1412 8

329 1442 511 1511 quibus
551 1461 641 1494 nos
679 1461 873 1511 quoque
909 1462 1110 1512 paucas
1147 1444 1480 1495 servavimus.

471 1541 656 1594 Postea
695 1541 1119 1613 Lappenberqius
1167 1544 1438 1596 collatione
1487 1544 1679 1596 codicis
1716 1545 2029 1616 Dresden‘s'is
2077 1566 2111 1598 a
2147 1548 2223 1602 M.

331 1628 567 1696 Hauptio
592 1628 752 1697 facta
790 1637 836 1680 et
867 1628 1085 1694 Pertzii‚
1123 1629 1454 1691 Betbmanni,
1492 1629 1711 1681 Waitzii
1749 1631 1888 1682 curis
1925 1638 2076 1681 ‹Af-'⁷
2112 1651 2228 1684 usus

329 1713 602 1764 editionem
653 1708 894 1782 praebuit
946 1714 1209 1784 eqreqiam
1262 1713 1386 1784 (SS.
1427 1716 1545 1780 III,
1591 1735 1648 1784 p.
1683 1716 1950 1769 723-87
2017 1698 2027 1707 Γ
2096 1736 2226 1786 quae

325 1801 504 1868 prima
543 1799 771 1867 qenuina
817 1799 1105 1851 leietmari
1146 1801 1299 1852 verba
1345 1802 1737 1853 accuratissime
1781 1802 2051 1855 exhiberet.
2126 1803 2226 1855 Ne-

330 1903 423 1953 que
460 1893 631 1937 tamen
669 1888 940 1955 quisquam
985 1905 1160 1938 eorum
1205 1906 1453 1939 manuum
1491 1887 1873 1939 distinctionem
1909 1889 2041 1940 satis
2077 1907 2227 1940 cura-

331 1971 416 2038 vit,
458 1990 586 2040 quae
618 1980 866 2040 quantum
897 1973 968 2023 ad
999 1981 1198 2042 tempus
1227 1982 1273 2024 et
1303 1974 1537 2025 ordinem
1574 1973 1678 2024 orti
1706 1974 1878 2041 operis
1908 1974 2228 2043 emplicanda

331 2056 563 2126 adferat,
602 2076 693 2127 eqo
730 2059 1106 2110 demonstrasse
1142 2059 1276 2110 mihi
1312 2060 1491 2110 videor
1508 2059 1539 2111 ¹.

476 2172 618 2223 Inter
657 2172 912 2224 versiones
950 2173 1240 2225 thiudiscas
1279 2174 1599 2243 antiquiores
1643 2175 1892 2227 mentione
1933 2176 2227 2227 etiamnunc

331 2258 499 2326 diqna
544 2266 615 2308 est
659 2277 745 2322 ea,
792 2277 947 2327 quam
1001 2259 1039 2313 I.
1078 2258 1143 2313 F.
1193 2258 1413 2311 Ursinus
1450 2259 1689 2311 Dresdae
1727 2280 1777 2315 a⁴
1814 2259 1968 2314 1790.
2010 2261 2057 2313 8.
2100 2280 2227 2312 com-

331 2345 587 2395 mentario
645 2344 706 2395 de
765 2345 876 2395 vita
935 2354 1085 2413 atque
1147 2363 1295 2414 opere
1362 2345 1655 2396 Thietmari
1712 2346 2228 2415 adnotationibusque

332 2429 478 2480 bonis
515 2429 716 2481 additis
747 2449 810 2481 esc
840 2430 1012 2481 codice
1041 2430 1331 2482 Dresolensi
1356 2430 1510 2500 fecit,
1549 2431 1736 2500 quippe
1767 2450 1898 2500 quae
1928 2439 1975 2483 et
2010 2431 2230 2483 editioni

347 2514 728 2583 Waqnerianae
761 2523 806 2565 et
835 2515 1153 2567 versionibus
1188 2515 1561 2585 posterioribus
1587 2516 1998 2585 fundamentum
2034 2517 2226 2568 iecerit.

332 2599 454 2651 Post
502 2600 634 2651 hunc
671 2619 735 2651 ecc
773 2601 993 2652 editione
1033 2600 1423 2672 Lappenberqii
1459 2601 1512 2655 J.
1556 2600 1609 2656 C.
1647 2602 1721 2653 M.
1761 2601 1993 2654 Laurent
2035 2603 2093 2653 in
2132 2601 2229 2652 col-

336 2685 547 2736 lectione
591 2686 903 2755 scriptorum
951 2688 1285 2755 antiquitatis
1333 2688 1662 2756 qermanicae
1699 2687 1875 2742 Berol.
1919 2687 2071 2741 1848.
2122 2706 2230 2739 ver-

334 2771 528 2822 sionem
566 2771 800 2822 ezchibuit
842 2790 940 2840 pro
979 2771 1288 2840 difficultate
1331 2774 1502 2842 operis
1547 2774 1753 2825 omnino
1791 2773 1990 2825 bonam.
2074 2773 2233 2824 Cuius

334 2855 608 2907 editionem
647 2856 867 2908 alteram
906 2858 1131 2908 instituit
1161 2857 1213 2908 J.
1251 2858 1530 2910 Strebitzlci
1569 2858 1714 2928 Lips.
1753 2859 1906 2925 1879,
1945 2859 2034 2928 qui
2067 2859 2230 2910 multa

335 2942 585 3007 correxit,
635 2942 916 2994 nonnullas
967 2943 1123 2994 etiam
1177 2943 1535 2996 adnotationes
1586 2963 1697 2996 cum
1745 2945 2011 2997 nominum
2059 2945 2231 2996 indice

334 3026 542 3094 adiecit,
582 3027 819 3097 plurima
855 3036 1027 3079 tamen
1065 3029 1252 3080 menda
1290 3029 1401 3098 ipse
1440 3047 1634 3098 quoque
1671 3029 1899 3098 reliquit.

481 3128 696 3191 Nostra,
729 3136 782 3178 ut
816 3127 1219 3197 Lappenberqii,
1257 3129 1332 3179 ‘in
1365 3127 1659 3180 Thietmari
1691 3147 1838 3198 opere
1868 3129 2062 3180 edendo
2092 3130 2232 3181 ratio

336 3213 459 3263 haec
484 3211 619 3279 fuit,
657 3222 714 3263 ut
751 3213 824 3264 ad
862 3213 1087 3265 litteram
1119 3215 1523 3281 exprimeremus
1553 3214 1747 3265 codicis
1778 3214 2095 3282 autoq-raphi
2128 3223 2233 3266 tesc-

337 3306 443 3348 tum
473 3317 602 3363 eum,
635 3317 780 3368 quem
823 3297 1148 3351 Thietmarus
1179 3299 1288 3368 ipse
1320 3300 1460 3352 curis
1489 3300 1725 3352 secundis
1756 3300 2048 3354 constituit'.
2114 3299 2233 3360 Qua

342 3455 383 3507 1)
416 3454 586 3501 ‘Neues
617 3457 803 3502 Archiv'
838 3458 977 3512 XIV,
1010 3459 1038 3502 l.
1065 3472 1101 3501 c.
