2456 4036
185 404 314 454 1002.

185 484 268 518 Oct.
285 488 318 518 1.

151 1265 245 1298 Nov.
265 1267 318 1298 11.

81 1409 313 1450 Lucan.1,92.

82 1623 216 1666 ib.1X,
240 1624 316 1656 726,

346 273 432 318 120
869 267 1209 314 THIETMARI
1239 264 1455 311 CHRON.
1516 266 1630 311 LIB.
1660 268 1713 311 V.

489 398 573 453 22.
635 398 766 449 Post
802 396 936 448 haec
971 394 1330 446 Herimannus
1367 392 1492 458 duX,
1530 393 1717 446 matris
1756 410 1906 446 meae
1943 396 2222 449 avunculil

341 468 505 533 filine,
559 467 763 532 divina,
815 472 878 519 ut
926 464 1159 534 predixi,
1214 464 1617 532 compunctione
1669 464 1926 518 Kalendis
1979 465 2224 520 Octobris

340 538 634 592 Bruselae²
684 538 796 605 regi
848 536 1124 588 humiliter
1181 539 1536 603 presentatur.
1632 535 2052 590 Misericorditer
2109 538 2224 591 eius

340 611 570 679 gratiam
615 607 922 675 impetravit
967 611 1021 659 et
1063 606 1122 658 in
1162 604 1421 659 beneficio
1466 612 1520 660 et
1563 607 1620 659 in
1664 607 1910 661 omnibus
1954 609 2086 661 iusti
2134 608 2223 662 de-

340 681 524 734 siderii
556 679 979 732 satisfactionem
1011 677 1332 747 persolvenS,
1371 681 1591 745 excepto
1624 678 1947 747 Argentinae
1977 679 2224 748 dampnO,

340 752 483 822 quod
519 751 662 803 idem
699 750 850 802 iussu
888 754 941 802 et
971 749 1194 802 consilio
1225 749 1367 817 regis
1398 748 1464 801 de
1495 765 1592 801 sua
1620 751 1947 819 proprietate
1979 756 2032 804 et
2062 750 2224 804 abba-

338 825 471 876 tiam
509 823 565 874 in
603 821 789 874 eadem
835 820 967 873 urbe
1013 821 1173 873 sitam
1216 820 1511 889 reparavit,
1563 821 1716 874 miles
1761 827 1815 874 et
1859 823 2064 875 amicus
2111 823 2225 876 eius

338 893 479 946 fidus
531 891 778 947 efficitur.
865 892 986 945 Hiis
1035 892 1113 945 ita
1165 891 1440 961 dispositis
1492 909 1588 944 rex
1639 891 1709 945 ad
1758 892 2055 946 Bawariam
2106 911 2225 964 per-

337 965 499 1029 rexit,
560 969 620 1017 ut
677 965 755 1016 eis
814 963 1046 1017 adventu
1105 980 1202 1016 suo
1261 967 1314 1015 et
1373 963 1518 1015 omni
1575 964 1803 1017 caritate
1854 966 2264 1030 innotesceret,.

339 1035 481 1105 quod
518 1053 609 1088 eos
645 1036 898 1105 precipue
937 1037 1077 1088 inter
1115 1051 1297 1087 omnes
1334 1040 1553 1088 amaret.
1639 1035 1806 1099 Quem
1843 1036 2227 1089 Ratisbonam⁸

337 1108 636 1160 venientem
681 1106 1051 1171 Gebehardus,
1099 1106 1337 1160 eiusdem
1383 1106 1566 1175 presul
1611 1108 1876 1176 egregius,
1931 1125 2051 1161 cum
2096 1108 2226 1161 cleri

336 1180 613 1247 totiusque
683 1179 867 1248 populi
936 1177 1171 1246 tripudio
1239 1178 1476 1247 suscepit
1539 1177 1720 1248 ibique
1785 1179 1979 1232 festum
2052 1182 2226 1234 sancti

342 1251 566 1304 Martini
605 1250 965 1304 celebrantem
1004 1252 1059 1302 in
1096 1249 1279 1303 multis
1315 1249 1705 1304 honorificavit.

481 1323 564 1377 23.
597 1322 730 1393 (15.)
790 1322 1012 1375 Interim
1056 1321 1397 1375 Boemiorum
1443 1321 1552 1374 dux
1596 1322 1916 1388 Bolizlavus,
1972 1323 2101 1392 quia
2137 1342 2224 1392 po-

339 1403 492 1447 testas
536 1395 786 1447 consortis
830 1402 876 1447 et
917 1394 1221 1446 successoris
1263 1402 1335 1446 est
1369 1412 1566 1464 semper
1600 1393 1838 1464 pavida3
1851 1435 1868 1460 ,
1911 1394 2225 1448 Iaremirum

336 1466 562 1518 fratrem
628 1464 989 1519 eunuchizans
1056 1466 1426 1533 iunioremque
1487 1464 1853 1518 Othelricumb
1915 1466 1971 1518 in
2036 1468 2225 1519 termis

338 1536 598 1591 suffocare
651 1538 894 1605 cupiens,
956 1555 1065 1590 una
1113 1554 1234 1589 cum
1278 1535 1489 1589 matre4
1535 1536 1750 1590 eosdem
1795 1538 1972 1606 patria
2025 1538 2227 1607 expulit

339 1608 573 1679 solusque
617 1610 724 1662 vice
768 1609 1005 1662 basilisci
1054 1609 1206 1661 noxii
1254 1609 1518 1679 reynans5
1570 1608 1827 1676 populum
1883 1608 2227 1663 ineffabiliter

339 1681 674 1734 constrinxit.
767 1680 870 1745 Qui
920 1680 1127 1748 pondus
1181 1680 1320 1732 illati
1370 1679 1626 1733 facinoris
1678 1679 1881 1735 diutius
1932 1681 2071 1735 ferre
2121 1700 2226 1734 non

337 1751 519 1805 valens
567 1751 1005 1818 Wlodoweiumss,
1057 1753 1149 1821 qui
1192 1756 1430 1821 potestas
1476 1753 1742 1805 exercitus
1787 1752 2225 1821 interpretatur7,

338 1842 372 1877 a
428 1823 650 1876 Polenia
702 1825 839 1877 clam
893 1841 1110 1889 vocanS,
1172 1823 1410 1892 aspidem
1459 1828 1776 1877 venenatam
1830 1824 2033 1893 absque
2083 1826 2227 1878 omni

338 1897 471 1964 legis
508 1896 710 1965 pietate
749 1913 873 1949 suos
911 1899 1251 1960 tractantem,
1298 1894 1440 1948 hunc
1477 1896 1532 1947 in
1572 1895 1751 1948 sedem
1790 1895 2029 1950 basilisci
2064 1896 2225 1962 illius,

339 1967 395 2020 id
434 1973 516 2020 est
551 1967 822 2032 Bolizlavi,
862 1967 1070 2021 deiecto
1109 1984 1186 2031 ec,
1226 1967 1701 2035 consanguinitatis
1737 1967 1880 2021 linea
1918 1974 1971 2021 et
2007 1969 2224 2036 pietatis

340 2038 536 2092 affectu
580 2040 911 2092 unanimiter
955 2039 1182 2092 electum
1229 2038 1523 2094 collocavi-t.
1613 2039 1690 2091 De
1742 2057 1847 2108 quo
1898 2057 2011 2093 rem
2064 2057 2225 2094 unam

337 2110 705 2164 incredibilem
744 2110 881 2175 (1100,
920 2111 1012 2163 sed
1051 2128 1156 2163 non
1194 2110 1357 2163 alicui
1389 2110 1681 2163 christiano
1711 2111 2044 2177 imitabilem,
2083 2109 2225 2181 quod

337 2183 426 2236 hic
479 2199 774 2251 numquam
827 2184 941 2236 sine
993 2189 1127 2251 potu
1177 2199 1339 2234 unam
1393 2181 1581 2235 horam
1636 2183 1929 2252 perdurare
1981 2183 2223 2238 valuerit.

339 2253 444 2307 Sed
489 2253 814 2319 Bolizlavus,
869 2272 1005 2326 quae
1052 2254 1164 2306 sola
1212 2254 1298 2306 via
1341 2253 1501 2322 fugae
1546 2255 1744 2321 patuit,
1797 2254 1866 2307 ad
1912 2255 2224 2308 Heinricum

338 2326 720 2390 marchionem,
760 2327 854 2395 qui
881 2326 1158 2395 proximus
1191 2326 1240 2378 ei
1271 2330 1403 2378 tunc
1430 2325 1623 2391 fuerat,
1665 2326 1974 2395 confugiens
2006 2331 2227 2395 propter

337 2398 519 2451 illatas
579 2398 681 2450 sibi
740 2399 967 2450 iniurias
1028 2398 1095 2450 ab
1148 2414 1211 2450 eo
1265 2403 1454 2466 captus
1514 2403 1618 2462 est3
1678 2399 2039 2467 postmodum,
2101 2399 2227 2466 quia

338 2470 538 2538 hospes
584 2487 645 2522 eo
691 2469 1004 2534 advenerat,
1053 2469 1308 2522 dimissus
1353 2469 1422 2521 ad
1459 2470 1772 2538 equivocum
1812 2488 1968 2523 suum
2005 2472 2225 2523 amitae-

339 2559 442 2610 que
487 2539 680 2605 filium,
735 2542 788 2594 in
837 2541 1126 2594 sceleribus
1172 2557 1496 2609 comparem,
1549 2542 1676 2594 licet
1723 2542 2071 2595 facultatibus
2116 2542 2224 2595 dis-

337 2630 545 2682 parem,
585 2614 726 2666 vitae
773 2613 1054 2666 dumtaxat
1098 2630 1276 2665 amore
1320 2614 1573 2681 perrexit.
1657 2613 1763 2666 Iste
1809 2621 1988 2667 autem
2031 2615 2227 2683 potiori

338 2702 468 2737 usus
530 2685 751 2738 consilio
811 2685 880 2737 ad
940 2702 1116 2752 regem
1180 2683 1504 2737 Ratisbonae
1564 2684 1742 2737 adhuc
1811 2691 2226 2739 commorantem

337 2755 682 2824 proficiscens
744 2774 864 2809 cum
924 2757 1114 2809 humili
1174 2756 1501 2810 subiectione
1561 2763 1615 2809 et
1673 2752 1817 2809 fideli
1877 2758 2226 2825 promissione

337 2827 480 2880 hunc
519 2829 574 2880 in
613 2827 886 2881 dominum
926 2828 1087 2896 elegit
1125 2834 1191 2892 et,
1238 2845 1375 2896 quae
1421 2828 1710 2897 postulavit
1749 2829 1818 2881 ab
1859 2846 1938 2893 e0,
1976 2830 2030 2882 in
2070 2829 2226 2881 bene-

338 2899 514 2952 ficium
555 2900 842 2968 acquisivit
881 2905 933 2953 et
972 2900 1185 2953 habitus
1223 2900 1277 2952 in
1326 2899 1571 2953 omnibus
1619 2901 1896 2954 caritative
1942 2901 2227 2953 revertitur

338 2989 459 3023 cum
498 2970 637 3024 bona
673 2989 821 3041 pace.

482 3044 567 3098 24.
587 3042 721 3114 (16.)
762 3044 901 3096 Dum
928 3043 1061 3096 haec
1085 3049 1333 3112 aguntur,
1366 3042 1733 3110 Hardwigusss,
1759 3043 1825 3096 de
1849 3061 1955 3112 quo
1981 3043 2225 3111 superius

339 3113 512 3179 dixiss,
563 3115 629 3167 de
674 3116 1034 3184 prosperitate
1084 3120 1138 3167 et
1186 3114 1414 3167 adventu
1465 3115 1620 3182 regis
1653 3114 1892 3168 Heinrici
1939 3115 2223 3168 admodum

339 3215 372 3246 al
395 3215 522 3255 ratisp.
542 3216 577 3256 2,
599 3215 641 3246 A.
659 3214 696 3248 S.
716 3216 928 3255 plerumque.
1017 3214 1055 3256 b)
1079 3215 1270 3247 otelricum
1294 3215 1326 3246 2.
1410 3213 1445 3256 0)
1467 3214 1666 3255 hartwigus
1690 3216 1711 3246 2
1735 3225 1875 3255 semper.

339 3286 382 3340 1)
427 3287 535 3331 Non
582 3287 751 3331 Udom's
780 3289 851 3331 II.
891 3286 935 3341 (†
965 3287 1082 3341 982),
1120 3287 1201 3343 qui
1236 3289 1338 3341 III,
1384 3288 1439 3331 20
1478 3288 1582 3331 item
1620 3288 1934 3344 Kum'yundae
1972 3288 2226 3332 avunculus

339 3343 387 3394 (i.
428 3358 462 3387 e.
508 3346 729 3389 Iuthittae
756 3346 934 3398 frater)
975 3346 1254 3400 appellatur,
1297 3345 1378 3389 sed
1418 3345 1584 3398 fratris
1626 3346 1722 3389 eius
1764 3346 1981 3390 Kowradz'
2012 3347 2053 3390 I.
2095 3346 2226 3389 ducis

339 3402 641 3445 Alemanniae
672 3401 971 3455 (982—997);
1011 3401 1069 3456 cf.
1101 3401 1301 3447 ‘Jahrb.’
1333 3404 1402 3453 II,
1428 3404 1497 3446 25.
1625 3403 1668 3455 2)
1710 3405 1770 3446 In
1800 3404 1964 3459 oppido
1994 3403 2227 3447 Bruchsal

341 3459 571 3503 districtus
602 3460 870 3503 Karlsruhe.
1003 3461 1047 3512 3)
1091 3459 1216 3515 Conf.
1240 3461 1311 3511 ΙΙ,
1342 3461 1412 3504 32.
1541 3460 1586 3513 4)
1626 3460 1822 3514 Eram-Q
1866 3475 1906 3504 v.
1937 3460 2066 3515 infra
2097 3475 2132 3504 0.
2157 3460 2224 3503 29.

339 3515 382 3563 5)
417 3514 546 3568 Conf.
570 3517 662 3568 IX,
695 3518 733 3560 7.
825 3517 870 3570 6)
902 3517 1168 3572 Miseconis,
1199 3523 1250 3562 ut
1278 3517 1471 3572 videtur,
1486 3517 1655 3573 filium5
1687 3520 1746 3572 cf.
1777 3519 1864 3572 IV,
1894 3519 1963 3563 57.
2052 3517 2094 3571 7)
2126 3517 2225 3560 Ροῑ.

340 3568 508 3615 wladac'
539 3589 594 3608 =
624 3574 765 3617 thiud.
790 3574 976 3625 walten3
1015 3573 1111 3631 woj,
1145 3573 1287 3630 wojna
1310 3591 1366 3610 =
1384 3588 1562 3630 pugna,
1595 3575 1769 3620 bellum.
1832 3575 1958 3631 Cowf.
1985 3573 2225 3618 Wladimir

353 3627 489 3683 VIII,
523 3630 593 3683 72,
626 3630 889 3675 Wladislaw
919 3633 950 3674 I
954 3632 1004 3684 V,
1036 3633 1106 3677 45.
1223 3633 1266 3686 8)
1300 3632 1427 3685 Cowf.
1451 3632 1539 3687 IV,
1571 3633 1639 3677 54.
