2456 4036
361 267 443 310 122
881 268 1219 312 THIETMARI
1250 266 1468 312 CHRON.
1527 269 1642 314 LIB.
1673 270 1726 315 V.

198 399 328 444 1002.
359 395 593 450 Audiens
649 398 828 446 autem
884 394 1198 445 Teutonicos
1253 393 1310 445 in
1362 392 1602 447 Tridenti
1658 395 1879 464 planitie
1935 398 2238 452 consedisse

357 469 449 522 illo
486 469 743 534 properat
779 470 833 517 et
872 479 964 516 eos
1009 481 1117 516 non
1155 464 1428 517 inveniens
1474 465 1669 518 iterum
1707 467 1860 519 velox
1899 485 1955 520 se
2000 469 2056 521 in
2093 486 2237 522 cam-

356 539 574 609 paniam
612 534 1010 588 Veronenseml
1048 535 1265 603 recepit.

167 617 333 652 Dec·25-
501 608 583 661 26.
649 607 762 669 Quo
801 605 1098 659 dominicae
1136 606 1438 659 nativitatis
1476 606 1616 661 festa
1652 609 1708 661 in
1746 608 1979 678 quodam
2017 611 2239 664 castello

354 679 690 734 celebrantea
728 677 853 729 Otto
899 675 1029 741 dux,
1085 678 1266 730 omnia
1310 679 1423 730 eius
1469 683 1592 732 acta
1636 685 1697 732 ut
1738 681 1913 749 primo
1958 681 2237 745 intellexit,

354 753 560 819 legatos
597 747 700 800 sibi
738 747 1012 800 licentiam
1049 748 1364 802 transeundi
1402 755 1497 803 aut
1530 768 1597 803 ex
1626 768 1724 804 sua
1753 758 1910 820 parte
1941 753 2240 823 accipiendi

353 821 688 891 postulantes
727 819 887 874 misit.
966 819 1084 872 Hiis
1122 821 1305 889 petitis
1342 838 1408 874 ex
1444 821 1714 888 profunda
1747 823 2042 877 calliditate
2073 825 2239 878 animi

352 891 672 958 Hardwigus
711 890 1008 959 respondit:
1055 891 1175 944 ‘Hic
1211 896 1535 961 pernoctate,
1575 899 1636 946 ut
1673 912 1794 947 cum
1832 912 2069 948 meorum
2108 897 2238 950 ami-

353 981 534 1017 corum
567 962 789 1014 consilio
820 979 910 1015 vos
943 964 1182 1016 crastino
1214 964 1280 1016 de
1311 963 1416 1017 hiis
1447 965 1694 1019 omnibus
1726 970 1897 1020 certos
1929 968 2237 1024 remittam.’

352 1035 448 1088 Ille
488 1039 667 1086 autem
706 1034 949 1087 nunciisb
987 1036 1187 1088 nostris
1232 1035 1288 1088 id
1324 1036 1695 1104 ignorantibus
1741 1055 1836 1105 per
1871 1054 2081 1092 omnem
2120 1056 2239 1092 eam

351 1112 559 1160 noctem
609 1105 955 1173 singulariter
1010 1124 1134 1160 suos
1194 1108 1250 1159 in
1309 1108 1502 1160 castris
1561 1109 1764 1175 positos
1823 1110 2238 1180 circumquaque

352 1178 691 1246 perlustrans
735 1176 806 1230 ad
835 1178 1173 1246 preliandum
1205 1196 1360 1232 mane
1403 1186 1588 1233 contra
1618 1181 1937 1235 Teutonicos
1975 1187 2238 1236 mentemc

352 1248 705 1302 corroborare
759 1255 813 1301 et
865 1267 1014 1303 arma
1065 1268 1359 1319 preparare
1411 1257 1606 1306 monet.
1703 1253 1955 1307 Proxima
2005 1254 2238 1322 primum

351 1322 556 1375 oriente
603 1337 802 1373 aurora
848 1321 1012 1388 legati
1056 1322 1208 1375 ducis
1245 1323 1492 1391 responsi
1537 1323 1713 1391 gratia
1761 1326 1974 1391 regemd
2018 1343 2236 1394 aggres-

351 1392 485 1457 suri,
553 1409 674 1445 cum
733 1392 1117 1460 Longobardos
1185 1394 1408 1446 militari
1466 1412 1630 1447 manu
1688 1414 1899 1464 pugnae
1957 1397 2235 1451 intendere

350 1469 597 1518 eventum
623 1471 918 1529 cernerent,
950 1466 1141 1534 ipsum,
1174 1465 1304 1534 quid
1328 1465 1428 1519 hoc
1453 1466 1795 1534 significaret,
1821 1473 2236 1535 percunctantes

351 1542 550 1589 certam
595 1535 850 1589 adversus
896 1536 1086 1590 ducem
1131 1538 1559 1605 congressionem
1606 1539 1740 1592 iussi
1784 1540 1935 1592 abire
1987 1558 2236 1610 percepe-

348 1614 489 1662 runt.
567 1607 711 1670 Quos
750 1607 1069 1677 Hardwigus
1109 1626 1230 1661 cum
1270 1610 1505 1662 exercitu
1545 1620 1714 1678 ponee
1754 1616 1968 1664 secutus
2017 1611 2085 1664 ad
2124 1612 2233 1666 Un-

349 1679 615 1749 garicumf
664 1678 958 1746 montem2,
1013 1680 1109 1733 ubi
1162 1680 1272 1734 dux
1324 1698 1445 1733 cum
1492 1683 1602 1735 suis
1650 1682 1854 1750 legatos
1900 1683 2234 1753 expectabat,

348 1752 458 1806 sole
495 1752 603 1804 iam
649 1750 921 1804 mediante
964 1753 1208 1821 pervenit
1243 1753 1554 1822 hostesque,
1604 1755 1843 1822 quamvis
1887 1772 1985 1822 per
2021 1755 2234 1809 fodrum

348 1829 401 1877 et
438 1823 506 1875 ad
547 1823 925 1877 custodiendas
966 1823 1201 1893 undique
1242 1825 1353 1878 vias
1393 1824 1606 1890 divisos,
1654 1832 1836 1879 tamen
1874 1827 1945 1880 ad
1982 1828 2233 1882 resisten-

348 1895 475 1948 dum
512 1901 733 1964 paratos
773 1896 988 1948 invenit.
1065 1894 1375 1964 Confligunt
1410 1898 1596 1965 itaque
1635 1898 1903 1968 utrimque
1940 1898 2102 1952 fortia
2144 1917 2235 1968 ag-

347 1968 493 2019 mina
526 1968 728 2035 impetu
759 1967 1059 2020 vehementi
1089 1973 1158 2036 et,
1191 1969 1297 2021 nisi
1327 1968 1773 2022 Teutonicorumg
1803 1971 1972 2024 aciem
2001 1971 2234 2025 hostium

346 2039 722 2092 numerositati
758 2040 1018 2108 imparem
1063 2038 1191 2108 fuga
1231 2038 1464 2106 OttoniS,
1511 2043 1751 2110 germani
1796 2041 2025 2111 presulis
2065 2043 2235 2097 Gebe-

345 2109 552 2174 hardi3,
596 2110 844 2163 turbaret
890 2116 945 2164 et
989 2111 1289 2178 impediret,
1337 2113 1610 2165 victricem
1656 2131 1774 2166 eam
1827 2115 1990 2167 hostis
2028 2113 2235 2184 Lango-

344 2182 544 2236 bardus
583 2183 853 2238 sensisset.
927 2183 1096 2235 Tumh
1134 2201 1255 2236 vero
1294 2201 1357 2236 ex
1397 2202 1592 2253 magna
1627 2196 1782 2253 parte
1819 2186 2084 2252 mutilata,
2135 2203 2233 2256 pro

346 2254 535 2322 pudor!
596 2253 804 2307 ceditur
856 2260 910 2307 et
953 2256 1206 2308 victoriae
1259 2255 1464 2309 honore
1509 2257 1776 2326 privatur,
1826 2257 1918 2310 sed
1964 2275 2070 2310 non
2117 2259 2233 2311 sine

346 2326 583 2379 maximo
623 2325 899 2394 Hardwigi
938 2326 1277 2381 detrimento,

489 2399 570 2449 27.
613 2397 745 2469 (17.)
806 2399 1020 2451 Interea
1057 2416 1181 2467 rege
1219 2416 1251 2451 a
1282 2399 1527 2452 Bawaria
1565 2417 1779 2467 egresso
1819 2406 1871 2453 et
1908 2401 1963 2452 in
2003 2398 2232 2455 Franca-

155 2477 318 2510 Dec-25·
345 2468 581 2522 nafordii
650 2470 1077 2523 incarnationem
1148 2471 1470 2524 dominicam
1538 2471 1863 2537 celebrante,
1942 2473 2232 2526 multorum

345 2542 640 2610 legationes
690 2543 737 2594 ei
788 2542 1124 2603 deferuntur;
1181 2543 1272 2611 qui
1324 2542 1488 2612 legati
1540 2545 1712 2612 primo
1765 2543 1988 2613 benigne
2041 2544 2230 2610 auditi,

343 2614 533 2666 dehinc
582 2614 805 2681 largiter
852 2615 1122 2668 munerati
1167 2632 1348 2668 omnes
1393 2621 1739 2668 revertuntur
1782 2615 1891 2668 leti.
1975 2615 2055 2668 Ibi
2101 2634 2270 2685 quo-‚

344 2703 446 2754 que
495 2684 604 2737 dux
654 2685 1047 2739 Herimannusk
1101 2686 1372 2739 humiliter
1418 2687 1532 2755 regi
1580 2686 1877 2740 famulatur
1932 2694 1986 2740 et
2042 2688 2111 2740 ab
2169 2706 2230 2742 eo

345 2758 644 2822 caritative,
705 2763 763 2810 ut
812 2758 974 2810 talem
1025 2758 1204 2811 decuit
1251 2776 1555 2826 personam,
1614 2759 1859 2814 habetur.
1954 2759 2085 2812 Inde
2138 2778 2232 2821 rex

187 2833 312 2876 1003.
344 2828 622 2882 discedens
670 2828 1067 2882 Muselenorum
1127 2848 1325 2897 pagum
1378 2831 1613 2884 visitavit
1671 2836 1724 2884 et
1781 2831 1851 2883 ad
1903 2831 2231 2886 Theodonis-

207 2907 320 2954 (Iam)
344 2901 558 2954 villam‘¹
598 2902 810 2954 veniens
851 2902 1096 2969 generale
1144 2901 1341 2954 ibidem
1381 2903 1703 2971 colloquium
1742 2921 1861 2955 cum
1900 2904 2229 2972 comprovin-

343 2971 571 3026 cialibus
603 2973 804 3026 habuit.
867 2974 1008 3041 Rege
1034 2991 1157 3026 vero
1190 2973 1388 3026 ibidem
1423 2974 1668 3028 omnibus
1699 2974 1881 3043 aliqua
1905 2976 2228 3028 necessitate

340 3044 713 3098 laborantibus
762 3045 987 3113 benigne
1036 3045 1206 3114 legem
1254 3046 1385 3099 dare
1434 3046 1703 3114 cupiente,
1754 3046 2115 3099 Herimannus
2163 3064 2228 3100 ac

342 3171 378 3214 a)
409 3174 611 3206 celebranti
634 3175 668 3207 2.
785 3173 823 3215 b)
855 3175 1013 3206 nuncius
1036 3177 1070 3206 2.
1189 3179 1221 3212 c)
1252 3176 1303 3207 ita
1324 3177 1453 3207 lacuna
1477 3176 1514 3207 in
1542 3176 1616 3208 cod.
1634 3177 1668 3208 2.
1693 3178 1853 3217 suppleta
1876 3186 1917 3208 em
1939 3176 1983 3207 A.
2001 3176 2037 3208 S.
2062 3185 2095 3208 a·
2122 3176 2226 3209 1003.

342 3217 379 3258 d)
409 3219 605 3256 tyrannum
629 3219 671 3251 A.
689 3218 727 3249 S.
831 3218 864 3257 e)
896 3219 945 3249 ita
968 3218 1010 3250 A.
1028 3218 1084 3258 S.;
1108 3226 1201 3258 pene
1224 3220 1256 3250 2.
1362 3219 1390 3258 f)
1413 3217 1617 3256 Ungarium
1640 3219 1682 3254 A.
1698 3220 1735 3252 S.
1841 3221 1878 3258 g)
1900 3219 2169 3251 thetunicorum
2191 3218 2224 3251 2.

341 3260 381 3303 h)
405 3260 497 3292 Cum
514 3263 547 3293 2.
622 3261 649 3303 i)
674 3261 953 3293 franckenforde
970 3263 1007 3300 23
1033 3261 1333 3293 Franconevorde
1349 3262 1390 3293 A.
1410 3262 1447 3293 S.
1465 3271 1497 3293 a.
1517 3264 1618 3294 1003.
1694 3263 1733 3304 k)
1756 3262 2001 3295 heremannus
2016 3264 2050 3295 2.
2071 3263 2224 3302 saepius.

343 3347 385 3400 1)
418 3349 613 3391 Insolita
644 3349 821 3393 locutio.
882 3348 1075 3403 Campos
1102 3349 1378 3393 Veronenses
1406 3349 1526 3393 hanc
1555 3349 1781 3404 reqionem
1813 3350 2060 3404 appellavit
2079 3350 2224 3394 Liad-

337 3405 550 3459 prandus
573 3405 675 3458 (SS.
701 3407 807 3458 III)
828 3407 900 3459 ΙΙ,
926 3408 1005 3458 11;
1040 3406 1323 3450 Thietmarus
1346 3407 1443 3461 ipse
1478 3407 1559 3459 VI,
1584 3409 1612 3450 4
1641 3421 1739 3450 eam
1763 3408 1965 3462 appellat
1985 3407 2224 3461 planiciem

348 3462 658 3506 Veronensem.
717 3465 772 3506 L.
916 3464 958 3514 2)
1002 3465 1061 3506 In
1098 3465 1213 3508 valle
1253 3465 1452 3508 Brentae
1489 3464 1692 3516 fluminis
1728 3466 1845 3509 inter
1883 3465 2147 3509 Tridentum
2185 3469 2227 3508 et

342 3519 631 3572 Bassanum;
670 3525 727 3573 cf.
752 3519 949 3565 ‘Jahrb'
974 3522 1017 3574 I,
1042 3522 1140 3565 241.
1211 3521 1254 3574 3)
1288 3522 1633 3566 Ratisbonensis
1658 3522 1963 3575 (994-1023).
2038 3521 2083 3575 4)
2116 3521 2224 3565 Die-

343 3576 578 3630 denhofen.
645 3578 748 3622 Rea:
778 3578 844 3622 ibi
862 3579 964 3631 fuit
991 3579 1093 3622 Ian.
1122 3581 1175 3622 15
1213 3583 1320 3623 teste
1351 3580 1510 3624 charta
1542 3579 1756 3634 (Stumpt'
1781 3580 1889 3624 1341
1915 3584 1956 3623 et
1979 3580 2122 3624 1342).
2166 3579 2224 3623 L.
2249 3580 2254 3585 '

343 3632 468 3685 Conf.
501 3632 697 3678 ‘Jahrb’
729 3637 771 3688 I,
803 3636 1044 3680 243--248,
2272 3642 2274 3644 ’
