2456 4036
556 195 891 239 THIETMARI
920 194 1136 240 CHRON.
1194 194 1308 239 LIB.
1339 194 1429 238 VII
1459 192 1571 247 (VI).
1914 194 1995 237 177

130 322 462 375 vehementer
512 321 645 374 illud
697 323 984 374 ammirans
1044 325 1120 383 et,
1174 321 1405 390 qualiter
1463 337 1518 373 se
1577 336 1662 371 res
1719 317 1995 371 nobiscum

129 393 408 452 haberent,
455 393 787 459 interrogans
833 393 1085 457 eundem,
1137 410 1358 460 regnum
1402 396 1561 460 prout
1606 394 1884 442 curaretur
1927 389 1996 442 ab

130 481 207 528 ea,
247 463 493 515 celeriter
529 463 783 516 remisit².

271 535 351 588 15.
413 532 703 600 Epitafium
741 538 919 585 autem
959 533 1395 599 archiantistitis,
1439 550 1544 585 non
1581 531 1758 600 lapide
1797 531 1995 597 aliquo,

128 604 221 658 sed
257 605 476 656 memori
515 603 671 655 corde
709 603 1121 667 inscribendum,
1159 605 1339 667 lector,
1379 603 1593 656 exaudi!
1657 601 1995 654 walterdusb

133 675 370 744 quamvis
421 675 804 742 interpretetur
854 679 1118 740 potestate
1171 674 1356 738 duruS,
1418 692 1629 727 severus
1679 674 1735 725 in
1793 677 1994 739 aperto,

126 746 468 798 mitissimus⁰
511 745 616 797 fuit
661 745 716 797 in
761 745 984 797 occulto.
1075 745 1138 796 In
1184 746 1376 798 timore
1426 746 1673 798 continuo
1721 750 1774 796 et
1816 760 1994 796 amore

125 818 265 870 iusto
297 816 467 868 Deum
505 816 719 883 agnovit
756 821 808 868 et
843 817 1160 883 proximum.
1242 816 1603 882 Fragilitatem
1634 816 1810 868 carnis
1840 815 1994 867 fletus

56 947 61 950 ,
126 887 483 940 amaritudine
508 886 682 939 crebri
705 892 757 939 et
780 887 1190 939 elemosinarum
1210 886 1456 954 largitate
1480 886 1739 939 ineffabili
1762 886 1993 939 resolvit.

94 958 399 1026 ,Utraquel
431 958 517 1010 hic
547 957 751 1026 pollens
780 959 975 1010 virtute
1005 958 1117 1024 regi
1144 963 1395 1024 acceptus
1427 959 1736 1025 cunctisque
1771 957 1994 1025 *prima-

125 1029 269 1082 tibus
299 1028 582 1082 admodum
614 1029 790 1080 extitit
819 1028 1178 1093 honorandUS‚
1217 1046 1371 1096 quem
1404 1030 1580 1081 senior
1611 1029 1805 1081 suimet
1837 1028 1993 1080 bene-

125 1100 354 1152 dictione
392 1106 446 1152 et
484 1100 594 1152 solo
632 1101 845 1151 nomine
881 1099 1223 1168 precellebat3
1261 1117 1414 1151 verus
1463 1105 1516 1152 et
1560 1101 1893 1165 compaciens
1931 1118 1995 1151 ac

39 1197 48 1214 s
124 1171 382 1224 aeclesiae
414 1172 607 1223 suimet
636 1170 790 1222 fortis
819 1177 1185 1238 propugnator
1216 1176 1344 1222 erat.
1411 1170 1534 1222 Sine
1565 1172 1707 1222 omni
1736 1171 1994 1223 iactantia

125 1243 412 1295 convicinis
448 1242 677 1310 plurima
714 1242 991 1308 impendit-‚3
1033 1242 1123 1293 ille
1162 1241 1305 1293 solus
1343 1240 1445 1293 sibi
1482 1240 1752 1294 suffecisse
1790 1242 1994 1294 cunctis

125 1314 370 1368 innotuit.
445 1313 636 1364 Audivi
675 1314 898 1365 eundem
933 1312 1161 1365 multum
1190 1312 1383 1376 iurare,
1423 1313 1564 1380 quod
1594 1330 1698 1364 non
1731 1311 1798 1364 ob
1827 1312 1994 1364 ambi-

125 1386 348 1449 cionem,
380 1384 473 1436 sed
502 1384 798 1436 laborantis
830 1384 1119 1437 aecclesiae
1147 1389 1199 1436 et
1222 1400 1355 1450 pene
1386 1382 1679 1435 deficientis
1701 1384 1993 1435 utilitatem

123 1456 262 1508 hunc
301 1460 572 1524 expeteret
609 1456 877 1510 honorem.
950 1455 1034 1507 Ad
1071 1455 1170 1507 hoc
1208 1472 1263 1506 se
1307 1453 1444 1506 dixit
1480 1455 1800 1506 immeritum
1839 1461 1891 1507 et
1919 1454 1994 1506 ibi

123 1527 254 1580 duos
293 1545 408 1580 esse
446 1526 756 1592 confratres,
797 1543 931 1594 quos
968 1526 1197 1578 libenter
1227 1526 1456 1592 eligeret,
1497 1527 1541 1578 si
1571 1525 1671 1577 hoc
1701 1526 1807 1578 ullo
1837 1525 1991 1578 modo

121 1597 237 1651 fieri
273 1615 427 1667 posse
466 1604 721 1665 speraret.
796 1599 969 1650 Iustus
994 1606 1043 1650 et
1078 1606 1233 1649 tenax
1267 1597 1525 1667 propositi
1560 1597 1753 1649 suimet
1781 1597 1863 1648 vir
1892 1597 1994 1649 iste

76 1686 97 1719 ³.
123 1668 249 1723 fuit.
318 1668 554 1722 Laudari
593 1687 648 1722 se
685 1686 791 1721 non
833 1668 1147 1738 *appetebat
1194 1667 1261 1720 ab
1300 1668 1421 1720 aliis
1460 1685 1555 1723 nec
1593 1668 1714 1719 aliis
1752 1668 1864 1736 ipse
1903 1668 1991 1720 de-

122 1740 384 1794 trahebat.
485 1741 568 1793 Ex
618 1741 996 1793 nobilissimisd
1048 1739 1320 1792 natalibus
1380 1739 1743 1806 genealogiam
1794 1739 1992 1791 ducens

123 1817 394 1881 acceptam
418 1813 798 1879 ingenuitatem
818 1812 1122 1864 nullatenus
1137 1811 1539 1874 inhonestavite,
1566 1809 1658 1862 sed
1674 1810 1992 1878 provectiori

126 1883 386 1936 industria
433 1883 720 1937 decoravit.
810 1884 941 1935 Erat
989 1882 1223 1935 eiusdem
1276 1887 1432 1948 pater
1479 1882 1590 1949 Erp
1643 1882 1838 1945 senior,
1883 1882 1992 1933 vita

121 1954 384 2019 laudibili,
423 1973 579 2007 carus
610 1955 814 2007 cunctis
847 1956 1040 2007 suimet
1069 1952 1573 2021 contemporalibus;
1613 1958 1783 2004 mater
1812 1958 1989 2004 autem

123 2027 236 2079 eius
280 2026 537 2079 Amulred
581 2027 814 2090 nomine,
871 2023 1045 2097 [quae]
1093 2026 1340 2077 castitate
1384 2026 1475 2091 pia
1524 2029 1576 2076 et
1628 2041 1783 2092 opere
1836 2023 1992 2076 herili

90 2143 96 2150 .
123 2099 260 2151 inter
288 2098 424 2150 alias
453 2097 666 2150 lucebat
695 2104 982 2151 matronas
1042 2096 1216 2148 *Haec
1247 2112 1371 2147 vero
1402 2097 1594 2159 omnia,
1625 2111 1989 2163 quaecumque

121 2169 296 2236 potuit
332 2168 485 2234 bona,
523 2187 618 2237 pro
657 2168 895 2221 eiusdem
931 2168 1187 2220 memoria
1224 2167 1508 2234 diligenter
1544 2166 1801 2235 inpendit.

89 2283 99 2293 .
267 2242 348 2293 16.
402 2240 716 2293 *Predicto2
744 2245 923 2292 autem
947 2238 1221 2292 Walterdo
1252 2239 1307 2290 in
1338 2239 1536 2290 somnis
1570 2236 1761 2309 [prius]
1787 2237 1990 2308 dictum

122 2317 217 2376 est,
256 2311 398 2379 quod
434 2311 951 2380 archiepiscopatum
982 2309 1527 2378 Magadaburgensem
1565 2310 1807 2375 accipere
1839 2309 1891 2362 et
1921 2309 1989 2361 ad

122 2440 158 2481 a)
181 2449 236 2472 ea.
282 2440 459 2472 celeriter.
497 2440 639 2472 remisit
662 2442 692 2472 1.
777 2438 815 2480 b)
839 2440 876 2471 in
891 2441 923 2478 2,
947 2449 1034 2479 quae
1057 2441 1257 2479 sequuntur,
1279 2439 1378 2471 valde
1401 2441 1531 2470 mutata
1553 2440 1604 2470 ita
1625 2440 1786 2479 leyuntur
1807 2438 1908 2475 (Acta
1926 2438 1986 2469 SS.

122 2485 206 2515 Iuni
226 2484 257 2524 I,
274 2494 314 2523 p.
333 2484 439 2524 9267:
478 2483 723 2521 Walthardus‚
754 2483 919 2522 quamvis
950 2485 1106 2522 potestas
1138 2482 1228 2513 dura
1256 2482 1523 2521 interpretatur,
1545 2499 1587 2504 —
1618 2489 1769 2512 severus
1793 2481 1830 2511 in
1853 2483 1987 2520 aperto,

122 2527 338 2558 mitissimus
359 2526 396 2557 in
420 2527 559 2558 occult-0
583 2526 817 2558 sentiebatur.
836 2543 876 2547 —
893 2526 1008 2556 Homo
1033 2525 1106 2556 fuit
1127 2525 1325 2565 timoratus,
1341 2542 1382 2547 —-
1398 2525 1489 2556 bene
1505 2525 1761 2563 morigeratum
1781 2540 1822 2546 —
1846 2523 1990 2562 gemina

121 2569 281 2610 pollebat
303 2569 502 2609 dilectione,
519 2587 560 2591 —
576 2577 717 2600 summa
739 2569 890 2600 florebat
910 2569 1099 2607 religione.
1123 2585 1165 2590 —
1189 2567 1325 2599 Creber
1338 2569 1378 2599 in
1394 2567 1531 2606 vigiliis
1550 2584 1589 2590 —
1605 2567 1728 2599 orabat
1741 2567 1781 2597 in
1796 2566 1987 2605 lacrymis3

120 2629 162 2636 -
183 2614 308 2652 largus
329 2612 588 2644 elemosinis—
605 2620 708 2651 opem
729 2611 868 2643 ferebat
890 2612 1049 2643 miseris.
1073 2628 1114 2634 —
1136 2611 1219 2642 Hiis
1242 2611 1438 2642 honoratus
1462 2611 1660 2642 virtutibus
1675 2626 1717 2632 —
1732 2610 1810 2648 regi
1824 2610 1989 2649 placebat

121 2659 156 2686 et
175 2656 408 2695 primatibus;
444 2672 485 2677 —
519 2655 564 2686 ab
587 2655 657 2686 hoc
680 2655 877 2695 amabatur,
909 2671 952 2676 —
987 2655 1031 2685 ab
1054 2654 1130 2685 illis
1152 2654 1402 2685 venerabatur.
1436 2670 1478 2676 —
1513 2654 1622 2685 Hunc
1645 2662 1732 2684 suus
1754 2653 1990 2692 predecessor

41 2688 57 2708 '¹
121 2698 372 2730 benedictione
401 2714 443 2720 -
473 2701 510 2729 et
539 2698 614 2729 solo
644 2698 866 2738 precellebat
894 2698 1051 2728 nomine.
1078 2714 1118 2719 —
1148 2697 1315 2728 Ecclesie
1339 2698 1464 2728 suein
1494 2697 1663 2728 omnibus
1686 2713 1727 2718 —
1749 2698 1990 2735 propugnator

122 2744 198 2773 erat
217 2741 450 2772 fortissimae.
474 2758 517 2763 —
540 2740 627 2772 Sine
650 2741 747 2772 omni
769 2740 944 2772 iactantia
967 2757 1007 2762 -—
1030 2740 1164 2771 vicinis
1186 2740 1263 2770 suis
1286 2739 1460 2778 impendit
1482 2740 1649 2779 plurima.
1674 2756 1715 2762 —
1738 2738 1796 2770 Me
1818 2739 1988 2769 audiente

121 2785 256 2816 iuravit
269 2801 310 2806 —
327 2787 363 2815 et
382 2792 445 2823 pro
470 2792 554 2815 vero
577 2781 785 2823 affirmavit,
807 2800 840 2806 —-
856 2782 951 2823 quod
973 2791 1042 2813 non
1066 2791 1131 2822 per
1152 2783 1385 2813 ambitionem
1401 2799 1443 2805 —
1459 2782 1557 2814 hunc
1578 2782 1775 2821 expetisset
1795 2781 1987 2821 honorem

121 2844 162 2850 -
178 2826 242 2859 sed
257 2827 301 2859 ob
318 2827 514 2858 utilitatem
531 2827 685 2859 ecclesie
700 2827 899 2859 laborantis
915 2843 956 2849 —-
980 2829 1016 2858 et
1038 2826 1109 2857 iam
1132 2834 1223 2865 pene
1246 2824 1456 2858 deficientis.
1484 2843 1524 2848 —
1546 2824 1666 2864 ‘Scio',
1690 2824 1793 2863 dixit,
1815 2823 1882 2855 ‘me
1906 2832 1986 2855 esse

57 2885 63 2890 -
122 2869 343 2901 immeritum
358 2887 398 2893 —
416 2870 484 2900 hoc
508 2870 695 2909 suscipere
718 2869 889 2900 officium.
908 2886 949 2891 —
965 2869 1060 2901 Sunt
1080 2869 1119 2900 hi
1142 2868 1212 2899 duo
1235 2867 1376 2907 fratres,
1398 2877 1488 2907 quos
1505 2869 1661 2899 libenter
1677 2867 1881 2906 elegissem,
1896 2883 1938 2889 —
1954 2867 1987 2897 si

122 2913 179 2944 sic
201 2914 277 2944 ullo
306 2912 411 2944 modo
434 2911 511 2944 fieri
541 2914 702 2951 potuisse
726 2912 904 2944 scissem'.
929 2928 969 2933 ——-
999 2912 1126 2943 Iustus
1149 2914 1185 2943 et
1207 2914 1315 2942 tenax
1337 2911 1510 2951 propositi
1532 2928 1574 2934 —
1603 2911 1661 2941 vir
1680 2911 1749 2941 iste
1772 2909 1843 2940 fuit
1858 2910 1928 2941 sui.
1945 2927 1987 2931 ——

121 2955 278 2987 Laudari
302 2963 342 2987 se
365 2956 409 2988 ab
434 2956 517 2986 aliis
540 2964 612 2987 non
635 2956 828 2996 appetebat
851 2973 890 2976 —-
923 2963 990 2986 nec
1014 2955 1098 2986 aliis
1119 2955 1198 2994 ipse
1224 2954 1445 2986 detrahebat.
1470 2970 1511 2975 —
1535 2953 1792 2990 Genealogiam
1816 2952 1918 2983 duxit
1941 2960 1987 2984 ex

121 2998 360 3031 nobilissimis
391 2998 588 3038 natalibus,
616 3015 657 3022 —
689 3007 795 3038 quam
826 2997 1021 3030 extollebat
1047 2997 1151 3029 bonis
1176 2998 1348 3029 moribus.
1380 3014 1422 3019 -
1455 2997 1546 3028 Eius
1568 2999 1672 3035 pater
1693 2996 1766 3034 Erp
1790 2995 1987 3033 dicebatur,

122 3058 163 3064 —
192 3042 255 3080 qui
284 3042 362 3072 vita
390 3041 567 3073 laudabili
596 3041 840 3081 decorabatur,
862 3058 904 3063 --
935 3049 1041 3072 carus
1066 3040 1233 3072 omnibus
1257 3057 1299 3062 —
1329 3040 1408 3071 suis
1433 3038 1774 3078 contemporalibus.
1801 3056 1841 3061 —
1871 3039 1986 3070 Mater

121 3084 201 3116 eius
232 3084 440 3116 Amulradis
471 3085 632 3125 nomine,
662 3102 703 3106 —
742 3087 779 3116 et
806 3085 974 3115 castitate
1004 3084 1137 3115 florens
1169 3085 1205 3115 et
1232 3083 1327 3114 bono
1358 3091 1476 3122 opere,
1505 3099 1547 3105 —
1577 3083 1672 3114 bona
1702 3080 1798 3112 fama
1829 3081 1921 3112 alias
1944 3098 1985 3103 -κ

47 3151 55 3155 Α.
121 3127 261 3166 preibat
281 3130 476 3159 matronas.
552 3126 586 3168 c)
607 3127 838 3159 mittissimus
861 3128 903 3159 F.
989 3125 1026 3167 d)
1048 3126 1240 3165 appetebat
1256 3142 1296 3147 —
1315 3125 1566 3165 nobilissimis,
1590 3125 1726 3156 abscisa
1748 3125 1786 3155 in
1809 3126 1828 3155 1
1852 3125 1986 3164 supple-

121 3171 231 3202 vimus
252 3180 294 3202 ex
317 3172 349 3210 2,
371 3171 432 3202 ubi
453 3171 537 3202 haec
559 3171 608 3202 ita
631 3172 813 3212 leyuntur:
837 3171 883 3202 ab
907 3170 989 3201 aliis
1014 3178 1085 3200 non
1108 3169 1298 3208 appetebat
1319 3178 1356 3200 n.
1379 3177 1412 3203 a.
1431 3168 1455 3200 i.
1482 3168 1516 3200 d.
1537 3167 1794 3206 Genealogiatn
1817 3166 1920 3198 duxit
1941 3175 1985 3198 ex

121 3221 158 3244 n.
181 3221 230 3255 n.,
255 3222 363 3253 quam
385 3214 583 3245 extollebat
603 3214 708 3245 bonis
732 3213 905 3245 moribus.
995 3213 1033 3253 e)
1055 3212 1141 3243 inho
1164 3211 1301 3243 abscisa
1323 3213 1406 3242 sunt
1427 3214 1458 3242 1.
1484 3232 1487 3234 v

122 3298 166 3352 1)
199 3300 252 3344 V.
282 3313 426 3356 supra
454 3301 495 3350 I,
527 3301 566 3343 2.
689 3299 732 3352 2)
780 3299 904 3350 Quae
933 3302 1195 3352 sequuntur,
1226 3311 1498 3353 quamquam
1528 3296 1591 3340 ad
1619 3297 1805 3340 eundem
1847 3296 1985 3341 Walt-

121 3356 314 3400 hardum
346 3361 562 3411 spectant,
593 3361 743 3401 tamen
772 3357 908 3399 multo
931 3355 1178 3410 posteriore
1206 3360 1398 3409 tempore
1428 3354 1600 3407 scripta
1628 3359 1746 3397 sunt.
1804 3352 1912 3408 Gap.
1929 3354 1984 3397 22

123 3413 253 3467 enim,
283 3415 331 3457 in
361 3428 447 3470 quo
477 3419 625 3459 noster
653 3413 745 3456 iam
769 3413 1028 3456 Annalibus
1052 3411 1540 3465 Quedlinburyensibus
1561 3423 1674 3454 usus
1697 3415 1774 3461 est,
1804 3415 1986 3466 propter

122 3469 348 3525 idipsum
386 3476 490 3516 ante
527 3486 568 3515 a.
602 3472 713 3515 1016
750 3470 967 3524 scriptum
1006 3482 1101 3512 esse
1135 3482 1225 3511 non
1259 3473 1427 3522 potest5
1467 3482 1502 3511 c.
1528 3469 1709 3511 16-22
1747 3473 1895 3511 autem
1927 3469 1983 3511 ab

122 3528 271 3572 eodem
301 3529 487 3572 librario
518 3528 556 3572 C
580 3541 671 3572 uno
699 3525 807 3577 fere,
838 3531 889 3570 ut
917 3525 1105 3577 videtur,
1137 3530 1285 3569 tenore
1315 3529 1504 3569 ewarata
1534 3529 1651 3568 sunt.

1647 3611 1700 3653 12

2028 328 2151 371 1012.

2018 1593 2142 1625 Horat.
2153 1592 2221 1626 Od.

2034 1635 2101 1678 111,
2123 1638 2155 1677 3,
2178 1639 2209 1669 1.
