2456 4036
228 309 326 353 975.

355 172 413 218 50
855 168 1194 215 THIETMARI
1225 166 1444 213 CHRON.
1503 165 1622 214 LIB.
1651 164 1741 214 ΙΙΙ.

359 299 671 351 aecclesiam
719 298 927 366 portari
971 301 1291 364 posteraque
1337 294 1423 346 die
1469 294 1683 364 sepeliri
1728 295 1896 347 iussit.
1998 294 2127 358 Hic,
2183 298 2244 346 ut

356 371 509 423 aiunt
545 369 741 438 populi,
779 368 950 421 tercia
983 371 1142 418 nocte
1175 365 1331 433 quasi
1361 364 1426 418 de
1457 366 1605 434 gravi
1648 382 1833 419 somno
1873 366 2243 433 expergiscens

355 441 560 493 audivit
613 443 891 492 sonantem
944 453 1259 505 campanam
1312 440 1386 500 et,
1440 441 1501 489 ut
1552 437 1823 506 aperirent
1874 436 1924 488 ei
1975 436 2242 501 velociter,

354 518 508 564 terna
554 510 947 563 exclamacione
991 507 1211 575 rogavit.
1303 506 1720 576 Obstupefactus
1764 508 1836 573 is,
1890 507 1983 575 qui
2020 506 2241 572 audivit,

355 583 687 649 Evurgerum
745 579 1013 648 prefatum
1067 576 1342 630 custodem
1395 579 1715 643 aecclesiae,
1769 584 1829 632 ut
1872 578 2119 647 episcopo
2166 577 2244 630 la—

355 653 571 705 boranti
621 655 978 712 succurreret,
1031 648 1407 716 interpellavit.
1493 649 1597 713 Qui
1647 649 1876 703 eundem
1924 666 2020 718 per
2065 649 2244 702 omnia

353 724 520 776 fuisse
565 722 846 774 mentitum
892 719 1170 772 affirmans
1222 736 1415 787 magno
1468 721 1736 788 percussit
1780 721 1993 786 baculo;
2060 720 2242 792 sicque

218 820 241 842 n
319 795 554 863 .quievit
611 793 763 844 divae
821 791 1004 860 presul
1068 791 1355 843 memoriae
1407 789 1504 846 III.
1551 791 1670 844 Kal.
1712 791 1835 844 Iulii
1852 792 1884 844 1.
1979 791 2244 859 Apparuit

193 1094 295 1148 (975

159 1158 236 1190 lan.
258 1156 325 1199 13).

150 1359 242 1391 Acta
266 1368 323 1398 ap.

179 1405 229 1442 10,
251 1404 305 1435 34.

352 870 532 918 autem
583 861 666 935 [is]
716 879 841 914 mox
887 861 1139 914 Liudulfo
1185 859 1406 914 abbati2
1445 861 1650 915 dicens:
1690 862 1965 931 ‘Requiem
2003 867 2242 915 eternam

351 936 505 988 nobis
544 934 799 987 cantate!'
848 938 903 985 et
939 933 1156 986 evanuit
1196 931 1283 1004 [ab
1322 932 1490 986 oculis
1536 933 1665 988 eiuS.
1747 933 1922 986 Huius
1966 934 2080 986 vice
2116 933 2242 986 Wa-

350 1005 536 1059 rinus3
582 1006 849 1058 eleccione
897 1009 951 1057 et
987 1004 1313 1073 inperatorio
1353 1022 1570 1057 munere
1611 1005 1856 1072 protinus
1889 1002 2240 1076 ungitur]²·*.

493 1080 543 1132 5.
580 1076 678 1146 (3.)
731 1075 975 1129 *Mortuo
1009 1093 1221 1144 quoque
1244 1075 1495 1141 Roberto,
1523 1076 1865 1143 Magontinae
1898 1075 2038 1129 sedis
2069 1075 2243 1128 archi-
2266 1087 2284 1106 *
2359 1112 2371 1123 .
2398 1068 2403 1075 ’

349 1148 613 1218 presule4,
651 1149 929 1216 inperator
960 1146 1338 1199 cancellarium
1384 1147 1582 1199 suimet
1623 1148 1836 1200 nomine
1870 1146 2240 1215 Willigisum5,

348 1220 532 1273 multis
570 1219 671 1272 hoc
710 1219 778 1272 ob
811 1219 1072 1271 vilitatem
1110 1219 1195 1271 sui
1232 1219 1441 1286 generis
1478 1219 1880 1283 rennuentibuS,
1920 1219 2091 1271 eidem
2121 1236 2241 1287 pre-

349 1291 478 1344 fecit
522 1291 831 1345 aecclesiae.
914 1289 1130 1344 Sciebat
1176 1291 1316 1342 enim
1357 1290 1514 1342 Petro
1559 1291 1905 1355 attestanteb,
1952 1289 2095 1359 quod
2141 1308 2242 1343 non

348 1372 420 1416 est
454 1381 795 1432 personarum
840 1370 1075 1432 acceptor
1111 1361 1276 1423 Deus,
1328 1361 1421 1414 sed
1468 1378 1652 1414 omnes
1698 1379 1754 1414 se
1802 1379 1868 1414 ex
1912 1361 2073 1414 corde
2119 1361 2239 1414 dili-

348 1440 532 1501 gentes
555 1451 651 1503 pre
675 1434 905 1486 caeteris
930 1437 1092 1497 amat,
1117 1432 1628 1500 inconprehensibili
1652 1431 1852 1486 honore
1875 1450 2240 1487 remuneranS.

350 1505 595 1569 Qualiter
631 1511 813 1558 autem
853 1504 1024 1556 *hunc
1059 1509 1331 1572 pastorem
1370 1504 1612 1557 futurum
1665 1504 1849 1557 divina
1897 1505 2069 1586 pietas
2119 1521 2239 1572 pre·
2264 1515 2281 1533 *
2331 1540 2341 1550 .

349 1577 652 1646 signaverit,
691 1593 796 1628 non
835 1580 916 1629 est
947 1574 1227 1628 silendum.
1303 1574 1478 1627 Huius
1510 1580 1698 1639 mater,
1739 1594 1981 1644 quamvls
2010 1593 2240 1645 pauper-

349 1648 484 1713 cula,
531 1653 728 1712 tamen,
775 1652 836 1700 ut
872 1648 928 1699 in
966 1646 1311 1715 sequentibus
1349 1651 1587 1716 apparet,
1632 1646 1791 1712 bona,
1838 1647 1964 1700 dum
2011 1647 2235 1700 eundem

347 1722 402 1773 in
455 1726 608 1773 utero
658 1723 927 1788 portaret,
987 1718 1123 1771 vidit
1172 1735 1270 1786 per
1322 1719 1608 1782 somnium,
1671 1718 1816 1787 quod
1869 1719 1946 1771 sol
1999 1737 2028 1772 e
2089 1719 2239 1771 sinu⁰

347 1792 544 1845 suimet
592 1791 802 1859 fulgens
850 1795 1020 1843 totam
1070 1789 1242 1842 radiis
1292 1789 1694 1843 flammantibus
1742 1790 1973 1858 repleret
2018 1795 2236 1844 terram.

347 1863 417 1916 Et
459 1865 514 1915 in
560 1880 624 1915 ea
670 1867 845 1927 nocte,
900 1879 1007 1931 qua
1052 1859 1220 1933 [haec]
1267 1862 1429 1914 talem
1475 1862 1687 1929 peperit
1738 1862 2021 1926 infantem,
2075 1862 2239 1914 simili

350 1935 729 2002 procreacione
771 1938 946 1986 totum
991 1932 1095 1985 hoc
1140 1933 1459 1997 iumentum,
1509 1933 1652 2001 quod
1696 1933 1813 2002 ipsa
1851 1934 1906 1985 in
1944 1933 2101 1987 domo
2139 1950 2239 1986 sua

346 2006 561 2071 habuit,
609 2006 765 2073 quasi
807 2004 1266 2073 gratulabundum
1312 2004 1558 2057 dominae
1603 2004 1895 2074 respondit.
1978 2004 2097 2068 Ille,
2145 2005 2238 2073 qui

345 2083 475 2130 tunc
499 2082 660 2130 natus
685 2082 781 2139 est,
816 2076 898 2129 sol
922 2081 1053 2140 erat,
1087 2076 1213 2145 quia
1244 2085 1463 2129 sanctae
1493 2075 1876 2145 predicationis
1907 2093 2037 2129 suae
2058 2075 2237 2128 'radiis

345 2149 511 2202 corda
559 2148 847 2201 multorum
898 2165 930 2200 a
977 2147 1180 2200 Christi
1230 2149 1458 2200 caritate
1507 2149 1837 2215 torpentium
1884 2147 2078 2200 illuxit.
2166 2147 2238 2199 Et

345 2220 547 2273 idcirco
600 2221 654 2272 in
708 2220 824 2272 eius
875 2220 1159 2272 nativitate
1211 2219 1495 2271 masculini
1542 2236 1700 2272 sexus
1746 2218 2010 2272 mirabilis
2055 2219 2235 2271 multi-

344 2292 474 2344 tudo
513 2292 766 2360 gignitur,
809 2291 936 2360 quia
973 2291 1054 2343 vir
1087 2291 1188 2342 Dei
1225 2290 1296 2343 ad
1328 2291 1556 2343 salutem
1588 2291 1799 2359 patriae
1830 2291 1996 2343 totius
2028 2308 2238 2343 summa

343 2363 803 2431 predestinatione
862 2370 1185 2430 regnaturus
1245 2363 1501 2417 exoritur.
1602 2362 1754 2415 Felix
1814 2367 2006 2427 mater,
2074 2380 2236 2430 quam

348 2436 605 2488 Dominus
642 2452 738 2503 pre
777 2435 1004 2488 caeteris
1040 2433 1528 2502 contemporalibus
1559 2434 1670 2486 suis
1701 2435 1755 2485 in
1786 2438 1996 2486 tantum
2028 2433 2238 2486 *visita-
2262 2444 2281 2463 *
2319 2455 2366 2479 o·

345 2507 444 2572 vit,
495 2511 556 2559 ut
604 2506 813 2575 prolem
862 2505 1215 2558 nobilioribus
1266 2505 1576 2573 coequalem
1624 2505 1706 2558 vel
1755 2505 1917 2558 etiam
1966 2505 2238 2558 nonnullis

344 2578 616 2631 meliorem
662 2582 880 2645 pareret
925 2582 977 2630 et
1023 2581 1270 2630 ostensae
1316 2574 1458 2648 [sibi]
1509 2576 1726 2629 visionis
1781 2594 1928 2646 spem
1974 2577 2145 2630 oculis
2183 2582 2237 2630 et

344 2667 401 2702 re
440 2650 558 2718 ipsa
594 2667 776 2702 veram
815 2666 930 2702 esse
967 2648 1239 2718 probaret.
1316 2648 1423 2701 Sed
1462 2649 1593 2701 haec
1631 2649 1769 2701 alias
1808 2649 1977 2705 dicod.

437 2751 485 2805 ²¹⁶)
518 2751 687 2795 Erasis
723 2750 773 2794 in
810 2764 949 2805 marg).
994 2751 1078 2793 sin.
1110 2754 1138 2793 4
1176 2750 1382 2794 versibus
1412 2750 1467 2793 N
1499 2750 1547 2793 in
1585 2748 1879 2804 inferioribus
1917 2750 2055 2794 huius
2092 2755 2133 2795 et
2169 2762 2235 2794 se-

518 2809 693 2864 quentis
717 2809 919 2862 payinae
949 2807 1235 2862 maryinibus
1267 2808 1430 2851 adiecit
1458 2807 1596 2851 haec:
1640 2805 1770 2851 Anno
1799 2807 1937 2851 medii
1969 2805 2149 2852 Ottonis
2171 2806 2234 2851 II.

514 2865 750 2908 Heinricus
792 2864 1099 2908 Bawariorum
1141 2864 1228 2907 dux
1269 2866 1424 2919 captus
1467 2866 1536 2907 est
1581 2867 1627 2908 et
1670 2863 1726 2908 ad
1758 2862 1991 2908 Gilhiem6
2020 2863 2235 2909 deductus

515 2925 644 2966 caute
676 2922 936 2966 custoditur.
997 2921 1052 2964 In
1082 2921 1163 2965 hoc
1194 2935 1309 2965 anno
1331 2922 1491 2965 hiemis
1522 2922 1738 2976 asperitas
1762 2922 1898 2978 longa
1921 2921 2011 2965 fuit
2042 2924 2089 2966 et
2119 2922 2236 2966 sicca

514 2982 561 3023 et
590 2992 757 3035 magna
794 2979 870 3023 nix
907 2977 1150 3022 effunditur
1190 2978 1425 3022 caelituS.7
1496 2980 1627 3022 Idem
1657 2992 1789 3023 eraso
1828 2980 1875 3023 in
1909 2980 2068 3023 dextro
2097 2979 2238 3023 huius

513 3038 637 3081 imae
655 3037 859 3092 paginae
883 3050 982 3079 mar
1014 3036 1088 3079 ine
1117 3049 1304 3080 numero
1328 3033 1709 3080 DCCCCLXXX⁰
1744 3037 1792 3080 in
1816 3049 1991 3081 summo
2014 3037 2238 3093 sequentis

513 3108 658 3148 marq.
689 3094 867 3139 addidit
897 3091 973 3136 DC
1012 3091 1247 3136 CCLXXV
1260 3099 1288 3134 ⁰.

340 3178 377 3220 a)
407 3180 452 3211 ab
483 3196 526 3202 —
557 3180 706 3219 ungitur
735 3180 774 3211 in
802 3179 934 3211 ultimis
959 3179 1114 3220 paginae
1145 3178 1247 3209 lineis
1278 3187 1351 3210 una
1383 3180 1413 3209 et
1444 3178 1594 3209 dimidia
1631 3179 1732 3210 antea
1764 3178 1885 3210 vacuis
1914 3179 2043 3210 relictis
2072 3177 2158 3210 add.
2193 3178 2233 3211 T.

342 3223 379 3264 b)
403 3225 551 3255 alterum
574 3227 589 3254 t
611 3221 698 3254 add.
720 3223 760 3254 T.
850 3221 886 3262 c)
911 3222 1038 3252 essinu
1060 3220 1102 3252 A.
1193 3221 1230 3262 d)
1252 3221 1334 3260 pleo
1358 3220 1400 3261 A,
1425 3230 1514 3253 corr.
1539 3221 1577 3253 Τ.

343 3294 385 3347 1)
432 3297 509 3339 Ex
543 3297 678 3340 Necr.
713 3295 923 3348 Mer-seb„
970 3293 1029 3347 cf.
1064 3294 1198 3338 Necr.
1229 3293 1452 3337 Gladbac.
1587 3293 1631 3346 2)
1681 3293 1938 3338 Corbeiensi
1964 3293 2233 3344 965——983;

341 3365 380 3395 v.
413 3354 483 3403 II,
519 3353 585 3396 18.
726 3351 770 3406 3)
818 3351 1031 3406 Archiep.
1065 3350 1156 3395 Col.
1187 3351 1428 3395 975—985.
1569 3350 1614 3403 4)
1665 3351 1755 3402 Qua·
1782 3351 1960 3396 sederat
1990 3352 2235 3396 970—975.

342 3410 386 3461 5)
420 3409 731 3454 Cancellarius
760 3408 861 3464 fuit
897 3410 979 3454 971
995 3410 1173 3462 -975,
1218 3408 1480 3462 archiepisc.
1515 3409 1722 3464 Mayont.
1763 3414 1806 3453 et
1835 3409 2234 3462 archicapellanus

341 3467 612 3510 975—1011.
755 3466 799 3520 6)
841 3465 1113 3521 Inqelheim3
1153 3478 1237 3519 pro
1279 3464 1530 3520 Ingelhiem
1572 3464 1693 3519 falso
1731 3467 1892 3510 lectum
1932 3466 1979 3510 in
2020 3465 2231 3509 Gilhiem.

356 3524 399 3576 7)
432 3524 507 3566 Ex
541 3525 663 3567 Ami.
698 3525 956 3577 Quedlinb.;
989 3521 1048 3574 cf.
1080 3523 1202 3566 Arm.
1236 3523 1362 3566 Hild.
1395 3537 1438 3567 a.
1470 3522 1555 3567 974
1586 3528 1626 3567 et
1655 3523 1753 3568 975.
