2456 4036
582 302 916 346 THIETMARI
948 300 1163 345 CHRON.
1223 301 1338 345 LIB.
1368 300 1457 343 VII
1490 300 1602 352 (VI).
1944 301 2025 343 181

157 429 320 492 venit;
361 433 414 479 et
451 445 545 494 ego
586 428 902 479 accedebam
941 434 1007 491 et,
1039 445 1156 479 cum
1191 428 1296 478 iam
1329 433 1535 495 tempus
1566 430 1719 489 esset,
1758 425 2027 477 ammonui
2058 434 2180 478 1012.

158 502 294 552 hunc
339 515 519 550 coram
566 499 771 550 cunctis
817 499 1196 561 residentibuS,
1253 504 1312 549 ut
1358 497 1592 565 aliquida
1637 497 1700 548 de
1745 496 2027 563 parrochia

21 589 133 626 ⁴132¹.
157 571 370 623 meimet
406 569 733 635 caeterisque
771 568 929 620 rebus
960 570 1154 621 iniuste
1186 569 1381 620 ablatis
1412 576 1534 620 ante
1566 568 2024 620 con*stitucionem

156 639 536 707 archipresulis
574 657 693 690 cum
733 656 793 690 eo
824 640 1081 691 voluisset
1117 644 1366 692 tractare.
1442 639 1523 690 Ibi
1561 657 1642 690 me
1681 644 1807 690 tunc
1844 637 2026 690 firmae

157 712 348 765 suimet
379 709 502 761 fidei
534 711 814 769 commisit,
848 715 908 762 ut
937 727 1057 762 cum
1087 710 1302 761 iusticia
1326 716 1420 762 aut
1451 710 1556 762 alio
1583 710 1786 761 salubri
1809 709 2028 760 consilio

33 801 132 837 ,aaa
157 784 286 835 haec
341 780 634 833 finirentur.
723 781 947 833 Postera
994 780 1079 832 die
1130 799 1223 831 rex
1273 781 1340 831 ad
1388 781 1772 848 Maga*daburg
1815 781 2027 832 veniens
2051 795 2149 835 Sept.
2166 796 2220 828 22.

152 855 205 906 in
244 851 525 904 refectorio
557 852 783 903 fratrum
815 868 998 904 omnes
1028 868 1123 903 nos
1155 852 1430 903 convenire
1460 854 1713 920 precepit.
1790 851 1871 902 Ibi
1903 859 2028 903 tunc

152 923 320 990 regali
386 924 652 991 peticione
722 920 815 994 [et]
891 922 1036 974 salva
1102 922 1155 972 in
1224 928 1492 988 posterum
1564 923 1815 975 electione
1892 923 2028 974 Gero

153 996 502 1048 communiter
531 994 766 1061 eligitur3
800 998 853 1044 et
882 994 937 1045 in
968 993 1227 1045 aecclesia
1260 1010 1315 1044 se
1350 994 1599 1060 primitus
1628 994 1787 1046 altari
1811 994 2028 1045 tradens

154 1071 207 1118 et
253 1066 675 1118 communionem
730 1065 960 1116 fratrum
1009 1064 1057 1115 X
1102 1064 1301 1115 mansis
1347 1066 1657 1131 acquirensb
1702 1065 1951 1116 baculum
1999 1083 2029 1114 a

153 1154 278 1204 rege
338 1137 546 1202 accepit
602 1135 959 1203 pastoralem;
1021 1139 1074 1186 et
1132 1151 1255 1185 mox
1314 1134 1703 1187 inthronizatus
1774 1135 1840 1187 ab
1896 1136 2028 1187 Eido

153 1211 347 1260 unctus
406 1217 488 1258 est
547 1208 818 1275 episcopo,
892 1205 1047 1257 nobis
1114 1205 1471 1258 confratribus
1539 1207 1792 1272 predictis
1863 1205 2026 1277 [eum]

154 1277 545 1331 adiuvantibus,
644 1277 979 1330 Thebeorum
1031 1277 1292 1328 festivitas
1346 1284 1638 1344 martyrum
1693 1296 1723 1329 a
1780 1295 1902 1344 rege
1954 1278 2030 1330 ibi
2053 1294 2151 1334 Sept.
2167 1294 2225 1325 22.

154 1349 361 1403 celebre
412 1349 646 1412 ducitur,
709 1354 761 1400 et
812 1353 932 1417 post
983 1348 1112 1400 haec
1164 1347 1231 1399 ab
1284 1349 1682 1416 archiepiscopo
1736 1348 2030 1415 magnificis

154 1420 462 1473 muneribus
499 1420 636 1472 idem
678 1438 798 1472 cum
837 1420 947 1472 suis
987 1418 1228 1470 omnibus
1259 1418 1568 1472 honoratur.
1645 1419 1770 1470 Inde
1807 1418 1925 1490 [hii]
1960 1419 2030 1471 ad

154 1491 466 1558 Mersburge
510 1498 858 1559 properantes
897 1490 990 1542 diu
1038 1490 1110 1542 ibi
1150 1490 1472 1542 manebantl
1511 1497 1563 1542 et
1599 1492 2027 1558 procurationem

154 1564 302 1630 regni
342 1563 494 1615 cumd
531 1564 752 1615 summis
791 1561 1140 1616 tractabante.
1860 1619 1865 1624 ,

298 1635 379 1686 22.
442 1633 742 1685 Erlwinus2
792 1632 1217 1685 Camaracensisf
1261 1631 1578 1700 episcopus3
1630 1632 1685 1683 in
1737 1632 1836 1683 hoc
1890 1650 2027 1685 anno
2044 1649 2280 1688 Annonem.

155 1723 216 1757 ac
264 1703 575 1758 Conradus4
620 1711 674 1757 et
719 1705 1076 1757 Herimannus
1122 1703 1289 1770 puer5
1343 1701 1504 1755 duces
1551 1704 1712 1770 egreii
1766 1703 2028 1758 obierunt.

155 1776 383 1839 Quidam
433 1794 552 1828 vero
598 1775 888 1828 monachus
939 1774 1248 1827 infirmitate
1294 1792 1488 1841 magna
1531 1773 1816 1840 depressus
1863 1776 2032 1826 multa

154 1865 250 1915 per
295 1849 460 1899 visum
517 1846 619 1898 sibi
671 1848 906 1899 revelata
950 1846 1104 1910 vidit,
1159 1863 1296 1914 quae
1348 1846 1584 1909 interim,
1638 1846 1763 1897 dum
1809 1846 1921 1913 ipse
1969 1864 2032 1897 ea

155 1936 331 1971 secum
378 1919 637 1986 loquitur,
693 1936 725 1970 a
770 1918 1106 1987 presentibus
1149 1919 1359 1984 scriptis
1403 1923 1623 1968 notatag
1670 1924 1794 1968 sunt
1840 1923 1892 1968 et
1935 1935 2030 1985 pro

155 1991 385 2042 maximo
423 1989 689 2042 habentur
727 1991 1003 2042 miraculo
1079 1988 1204 2041 Nati
1242 1995 1366 2040 sunt
1404 1993 1585 2040 autem
1624 1989 1678 2040 in
1708 1988 1812 2039 hiis
1845 1988 2032 2040 diebus

154 2060 258 2114 duo
311 2061 505 2113 fratres
560 2079 679 2113 cum
735 2061 1003 2120 dentibus,
1057 2061 1112 2111 in
1167 2077 1258 2112 ore
1311 2061 1511 2112 similes
1564 2077 1750 2117 aucae,
1806 2077 2030 2126 quorum

152 2132 290 2185 alter
337 2132 511 2184 dextri
559 2132 841 2184 dimidium
889 2132 1120 2192 brachii,
1171 2132 1312 2183 sicut
1358 2132 1444 2183 ala
1490 2148 1677 2193 aucae,
1731 2128 2030 2202 [habebat];

27 2205 246 2272 .1³3.qui
290 2205 458 2256 tercia
505 2204 589 2255 die
644 2205 940 2256 nativitatis
989 2220 1117 2255 suae
1161 2203 1386 2254 invicem
1437 2202 1671 2254 ridentes
1715 2201 1885 2254 *civili
1931 2203 2032 2253 dis-

152 2276 395 2328 sensione
431 2275 781 2328 moriunturss.
860 2274 1087 2338 Quidam
1124 2291 1247 2326 vero
1286 2275 1460 2338 miles,
1512 2291 1630 2326 cum
1678 2273 1815 2325 bona
1862 2275 2030 2325 sancti

150 2346 437 2399 Clementis
468 2347 518 2398 vi
555 2347 767 2398 tolleret
806 2351 859 2398 et
896 2346 1018 2398 inde
1056 2354 1262 2397 rectum
1305 2346 1481 2398 facere
1515 2346 1787 2406 noluisset,
1838 2345 1892 2396 in
1924 2363 2031 2397 una

151 2417 356 2470 dierum
403 2436 435 2469 a
472 2417 713 2470 muribus
753 2419 895 2469 intra
933 2418 1237 2469 cubiculum
1282 2417 1609 2484 inpugnatur
1653 2415 2028 2469 ineffabilibus

151 2489 252 2552 Qui
299 2489 467 2555 primo
512 2489 654 2542 fuste
700 2493 914 2554 arrepto
968 2506 1058 2540 eos
1105 2487 1386 2556 prohibere
1430 2494 1696 2556 temptans
1742 2492 2029 2554 posteaque

149 2561 428 2628 evaginato
475 2578 564 2613 eos
610 2578 889 2628 aggressus
943 2560 1120 2627 gladio
1174 2566 1226 2611 et
1275 2557 1394 2630 [sic]
1452 2559 1525 2610 nil
1570 2557 1852 2627 proficiens
1904 2577 2030 2611 arca

148 2633 402 2699 quadam,
457 2638 516 2684 ut
567 2631 679 2700 ipse
731 2632 956 2699 rogavit,
1017 2631 1331 2696 includitur,
1392 2648 1455 2682 ac
1510 2631 1564 2682 in
1618 2630 1851 2682 medium
1904 2629 2029 2682 fune

148 2703 512 2771 suspenditur3
565 2711 617 2755 et
647 2720 765 2755 cum
797 2704 1030 2755 exterius
1068 2703 1200 2754 haec
1233 2703 1390 2769 plaga
1423 2702 1632 2754 sedaret
1669 2701 1859 2769 hicque
1894 2701 2029 2753 liber

147 2774 279 2827 solvi
310 2774 595 2838 debuisset,
629 2774 697 2826 ab
721 2774 876 2826 aliish
900 2791 1067 2842 usque
1093 2773 1161 2825 ad
1186 2784 1409 2826 mortem
1439 2791 1684 2825 corrosus
1710 2773 1976 2825 invenitur
1989 2772 2028 2827 7.

146 2902 182 2942 a)
205 2902 309 2942 aliqit
327 2905 358 2935 1.
427 2902 465 2944 b)
488 2903 680 2943 acquirens
701 2902 736 2942 0,
752 2904 968 2942 acquiraens
983 2911 1073 2934 corr.
1092 2904 1131 2934 T.
1201 2901 1235 2942 c)
1260 2903 1282 2934 b
1298 2903 1449 2934 eoecieum
1465 2904 1497 2934 1.
1566 2902 1604 2941 d)
1628 2903 1678 2932 ita
1693 2901 1737 2933 A.
1757 2903 1806 2941 S.,
1824 2901 2030 2933 vocabulum

143 2946 466 3030 fficibtilgnciztlsuis
483 2945 519 3021 εἰ)
541 2949 616 2986 post
632 2945 717 2978 baec
732 2955 834 2977 erasa
849 2947 929 2977 sunt
946 2947 984 2976 in
1000 2947 1019 2977 1
1028 2954 1040 2976 .·
1062 2946 1195 2977 dehinc
1210 2945 1255 2976 ad
1271 2946 1346 2977 σεδ.
1437 2946 1467 2986 f)
1490 2953 1531 2976 ra
1546 2945 1696 2976 excisum
1715 2946 1747 2975 1.
1835 2943 1873 2985 g)
1895 2947 1981 2975 nota
1995 2947 2026 2975 1.

145 3075 365 3119 dersheim
406 3075 558 3128 sitnm,
602 3075 656 3118 de
695 3088 781 3130 quo
825 3075 996 3118 Hirseh
1037 3074 1257 3124 (‘Jahrb.'
1289 3076 1361 3127 II,
1404 3074 1509 3122 337)
1548 3073 1776 3128 coquant,
1815 3073 1898 3116 hoc
1934 3074 2027 3117 loco

144 3132 241 3176 dici
273 3146 362 3176 non
393 3137 563 3187 potest,
604 3133 815 3188 quoniam
845 3145 991 3186 reyem
1028 3134 1206 3186 postera
1235 3130 1309 3174 die
1349 3131 1635 3185 Maydebnry
1673 3132 1846 3173 venisse
1879 3130 2026 3173 Thiet-

143 3203 300 3234 marus
349 3194 526 3233 narrat.
676 3188 718 3242 1)
781 3188 952 3233 Charta
999 3194 1105 3233 teste
1153 3189 1369 3242 (Slumpf
1418 3188 1551 3239 1565)
1602 3188 1696 3231 Oct.
1741 3188 1794 3231 17
1841 3199 1921 3230 rex
1967 3188 2032 3230 ibi

143 3252 344 3290 ‘moratus
374 3251 451 3290 est.
583 3246 625 3299 2)
666 3247 845 3290 Abhinc
874 3259 1014 3302 usque
1045 3246 1108 3289 ad
1136 3246 1270 3299 finem
1309 3245 1415 3288 libri
1444 3245 1730 3288 ,Thietmarus
1760 3244 2022 3288 Annalibus

145 3304 630 3358 Quodlinbnryensibus
654 3316 766 3347 'usus
791 3308 877 3355 est3
905 3317 943 3347 v.
963 3304 1294 3358 praefationem
1319 3308 1360 3345 et
1382 3301 1550 3344 ‘Neues
1577 3302 1761 3345 Archiv-²
1791 3301 1917 3345 XIV
1938 3302 1966 3345 l.
1993 3315 2027 3344 c.

142 3361 288 3416 Atque
325 3361 406 3404 hoc
443 3362 620 3416 quidem
663 3365 803 3414 caput
838 3365 976 3403 totum
1014 3373 1068 3403 ex
1090 3359 1358 3403 Annalibus
1396 3365 1624 3412 sumptum
1664 3364 1741 3401 esr.
1859 3358 1902 3410 3)
1936 3358 2031 3410 Qui

141 3418 258 3462 sedit
278 3419 547 3462 995—101‘2.
635 3418 679 3470 4)
714 3418 966 3461 Konradus
989 3419 1029 3460 Ι.
1056 3417 1232 3460 Ottonis
1256 3416 1394 3468 filius,
1428 3415 1690 3459 Carinihiae
1721 3420 1763 3458 et
1792 3416 2026 3459 Franciae

141 3475 428 3518 occidentalis
458 3475 849 3524 (Wormatiensis)
892 3475 989 3517 dux
1034 3474 1347 3517 1004—1012.
1481 3472 1524 3524 5)
1569 3473 1885 3515 Herimannus
1925 3473 2025 3515 ΙΙΙ.

141 3532 439 3576 Alemanniae
472 3532 567 3575 dum
598 3531 895 3584 1003÷1012,
920 3530 1049 3585 filius
1080 3530 1357 3573 Herimanni
1384 3530 1453 3571 ΙΙ.
1572 3530 1613 3578 6)
1654 3530 1826 3572 Melius
1858 3529 2028 3574 dicitur

140 3588 189 3631 in
229 3590 502 3632 annalibus.-
550 3587 665 3640 Quos
704 3587 826 3630 civili
866 3587 1058 3641 contigit
1097 3599 1304 3630 consensu
1347 3585 1472 3636 mori,
1513 3586 1617 3641 quia
1656 3599 1725 3630 eos
1766 3585 1842 3629 diu
1879 3586 2026 3630 vivere

141 3647 236 3688 erat
259 3645 463 3689 omnibus
487 3645 635 3689 timor.
726 3644 769 3697 7)
805 3640 872 3698 Cf.
892 3643 1098 3688 Chronic.
1118 3644 1393 3687 Ebersheim.
1420 3656 1453 3686 e.
1479 3644 1529 3686 21
1563 3643 1664 3694 (SS.
1684 3644 1883 3696 XXIII,
1907 3645 2025 3695 442).
