<?xml version="1.0" encoding="UTF-8"?>
<!DOCTYPE html PUBLIC "-//W3C//DTD XHTML 1.0 Transitional//EN"
    "http://www.w3.org/TR/xhtml1/DTD/xhtml1-transitional.dtd">
<html xmlns="http://www.w3.org/1999/xhtml" xml:lang="en" lang="en">
 <head>
  <title>
</title>
<meta http-equiv="Content-Type" content="text/html;charset=utf-8" />
  <meta name='ocr-system' content='tesseract 3.04.00' />
  <meta name='ocr-capabilities' content='ocr_page ocr_carea ocr_par ocr_line ocrx_word'/>
</head>
<body>
  <div class='ocr_page' id='page_1' title='image "./thietmarimersebu00thieuoft_0106.png"; bbox 0 0 2456 4036; ppageno 0'>
   <div class='ocr_carea' id='block_1_1' title="bbox 295 907 427 960">
    <p class='ocr_par' dir='ltr' id='par_1_1' title="bbox 295 907 427 960">
     <span class='ocr_line' id='line_1_1' title="bbox 295 907 427 960; baseline -0.008 -8"><span class='ocrx_word' id='word_1_1' title='bbox 295 907 427 960; x_wconf 83' lang='lat'>(995).</span> 
     </span>
    </p>
   </div>
   <div class='ocr_carea' id='block_1_2' title="bbox 267 2125 429 2178">
    <p class='ocr_par' dir='ltr' id='par_1_2' title="bbox 267 2125 429 2178">
     <span class='ocr_line' id='line_1_2' title="bbox 267 2125 429 2178; baseline 0 -10"><span class='ocrx_word' id='word_1_2' title='bbox 267 2125 429 2178; x_wconf 86' lang='lat'>(1006).</span> 
     </span>
    </p>
   </div>
   <div class='ocr_carea' id='block_1_3' title="bbox 281 2548 427 2602">
    <p class='ocr_par' dir='ltr' id='par_1_3' title="bbox 281 2548 427 2602">
     <span class='ocr_line' id='line_1_3' title="bbox 281 2548 427 2602; baseline 0 -9"><span class='ocrx_word' id='word_1_3' title='bbox 281 2548 427 2602; x_wconf 87' lang='grc'>(1009)</span> 
     </span>
    </p>
   </div>
   <div class='ocr_carea' id='block_1_4' title="bbox 271 2605 434 2638">
    <p class='ocr_par' dir='ltr' id='par_1_4' title="bbox 271 2605 434 2638">
     <span class='ocr_line' id='line_1_4' title="bbox 271 2605 434 2638; baseline -0.006 -1"><span class='ocrx_word' id='word_1_4' title='bbox 271 2607 364 2638; x_wconf 85' lang='lat' dir='ltr'>Dec.</span> <span class='ocrx_word' id='word_1_5' title='bbox 381 2605 434 2637; x_wconf 78' lang='lat'>25.</span> 
     </span>
    </p>
   </div>
   <div class='ocr_carea' id='block_1_5' title="bbox 280 2649 427 2738">
    <p class='ocr_par' dir='ltr' id='par_1_5' title="bbox 280 2649 427 2738">
     <span class='ocr_line' id='line_1_5' title="bbox 280 2649 427 2738; baseline 0 0"><span class='ocrx_word' id='word_1_6' title='bbox 280 2649 427 2738; x_wconf 55' lang='grc' dir='ltr'>(ἐξὲξ)</span> 
     </span>
    </p>
   </div>
   <div class='ocr_carea' id='block_1_6' title="bbox 461 267 1849 320">
    <p class='ocr_par' dir='ltr' id='par_1_6' title="bbox 461 267 1849 320">
     <span class='ocr_line' id='line_1_6' title="bbox 461 267 1849 320; baseline -0.004 0"><span class='ocrx_word' id='word_1_7' title='bbox 461 275 518 320; x_wconf 84' lang='grc'>84</span> <span class='ocrx_word' id='word_1_8' title='bbox 952 270 1289 316; x_wconf 83' lang='lat' dir='ltr'>THIETMARI</span> <span class='ocrx_word' id='word_1_9' title='bbox 1319 267 1536 314; x_wconf 85' lang='lat' dir='ltr'>CHRON.</span> <span class='ocrx_word' id='word_1_10' title='bbox 1595 267 1709 314; x_wconf 90' lang='lat' dir='ltr'><strong>LIB.</strong></span> <span class='ocrx_word' id='word_1_11' title='bbox 1740 269 1849 315; x_wconf 92' lang='lat' dir='ltr'>IIII.</span> 
     </span>
    </p>
   </div>
   <div class='ocr_carea' id='block_1_7' title="bbox 459 397 2338 751">
    <p class='ocr_par' dir='ltr' id='par_1_7' title="bbox 462 397 2335 536">
     <span class='ocr_line' id='line_1_7' title="bbox 462 397 2335 464; baseline -0.002 -11"><span class='ocrx_word' id='word_1_12' title='bbox 462 402 756 453; x_wconf 88' lang='lat' dir='ltr'>matutinae</span> <span class='ocrx_word' id='word_1_13' title='bbox 806 399 993 451; x_wconf 87' lang='lat' dir='ltr'>laudes</span> <span class='ocrx_word' id='word_1_14' title='bbox 1045 398 1465 461; x_wconf 80' lang='lat' dir='ltr'>celebrarentur,</span> <span class='ocrx_word' id='word_1_15' title='bbox 1521 397 1707 464; x_wconf 85' lang='lat' dir='ltr'>exivit,</span> <span class='ocrx_word' id='word_1_16' title='bbox 1764 398 2081 450; x_wconf 84' lang='lat' dir='ltr'>solutionem</span> <span class='ocrx_word' id='word_1_17' title='bbox 2134 397 2335 463; x_wconf 90' lang='lat' dir='ltr'>habuit,</span> 
     </span>
     <span class='ocr_line' id='line_1_8' title="bbox 463 468 1449 536; baseline -0.002 -11"><span class='ocrx_word' id='word_1_18' title='bbox 463 490 595 525; x_wconf 90' lang='lat' dir='ltr'>sana</span> <span class='ocrx_word' id='word_1_19' title='bbox 633 489 813 524; x_wconf 90' lang='lat' dir='ltr'>coram</span> <span class='ocrx_word' id='word_1_20' title='bbox 854 470 994 521; x_wconf 90' lang='lat' dir='ltr'>omni</span> <span class='ocrx_word' id='word_1_21' title='bbox 1030 469 1232 536; x_wconf 91' lang='lat' dir='ltr'>populo</span> <span class='ocrx_word' id='word_1_22' title='bbox 1271 468 1449 523; x_wconf 90' lang='lat' dir='ltr'>rediit.</span> 
     </span>
    </p>

    <p class='ocr_par' dir='ltr' id='par_1_8' title="bbox 459 539 2338 751">
     <span class='ocr_line' id='line_1_9' title="bbox 603 539 2338 610; baseline -0.002 -14"><span class='ocrx_word' id='word_1_23' title='bbox 603 544 687 596; x_wconf 74' lang='lat'>35.</span> <span class='ocrx_word' id='word_1_24' title='bbox 736 542 868 610; x_wconf 74' lang='lat'><strong>(24.)</strong></span> <span class='ocrx_word' id='word_1_25' title='bbox 942 540 1072 592; x_wconf 91' lang='lat' dir='ltr'>Post</span> <span class='ocrx_word' id='word_1_26' title='bbox 1123 540 1417 592; x_wconf 84' lang='lat' dir='ltr'>discessum</span> <span class='ocrx_word' id='word_1_27' title='bbox 1468 544 1647 593; x_wconf 91' lang='lat' dir='ltr'>autem</span> <span class='ocrx_word' id='word_1_28' title='bbox 1699 540 1945 593; x_wconf 90' lang='lat' dir='ltr'>dominae</span> <span class='ocrx_word' id='word_1_29' title='bbox 1996 540 2165 608; x_wconf 90' lang='lat' dir='ltr'>ipsius</span> <span class='ocrx_word' id='word_1_30' title='bbox 2209 539 2338 592; x_wconf 86' lang='lat' dir='ltr'>felix</span> 
     </span>
     <span class='ocr_line' id='line_1_10' title="bbox 462 611 2336 680; baseline -0.002 -14"><span class='ocrx_word' id='word_1_31' title='bbox 462 631 648 678; x_wconf 79' lang='lat' dir='ltr'>comeS,</span> <span class='ocrx_word' id='word_1_32' title='bbox 686 630 791 664; x_wconf 91' lang='lat' dir='ltr'>non</span> <span class='ocrx_word' id='word_1_33' title='bbox 829 611 894 662; x_wconf 92' lang='lat' dir='ltr'>de</span> <span class='ocrx_word' id='word_1_34' title='bbox 933 612 1130 663; x_wconf 87' lang='lat' dir='ltr'>terreni</span> <span class='ocrx_word' id='word_1_35' title='bbox 1169 612 1344 680; x_wconf 91' lang='lat' dir='ltr'>operis</span> <span class='ocrx_word' id='word_1_36' title='bbox 1383 629 1510 664; x_wconf 91' lang='lat' dir='ltr'>casu</span> <span class='ocrx_word' id='word_1_37' title='bbox 1549 611 1873 680; x_wconf 82' lang='lat' dir='ltr'>desperatuS,</span> <span class='ocrx_word' id='word_1_38' title='bbox 1914 611 2008 664; x_wconf 89' lang='lat' dir='ltr'>sed</span> <span class='ocrx_word' id='word_1_39' title='bbox 2038 612 2093 663; x_wconf 90' lang='lat' dir='ltr'>in</span> <span class='ocrx_word' id='word_1_40' title='bbox 2123 611 2336 664; x_wconf 90' lang='lat' dir='ltr'>virtutis</span> 
     </span>
     <span class='ocr_line' id='line_1_11' title="bbox 459 681 2338 751; baseline -0.002 -14"><span class='ocrx_word' id='word_1_41' title='bbox 459 685 641 737; x_wconf 88' lang='lat' dir='ltr'>volatu</span> <span class='ocrx_word' id='word_1_42' title='bbox 679 700 740 735; x_wconf 92' lang='lat' dir='ltr'>eo</span> <span class='ocrx_word' id='word_1_43' title='bbox 779 683 894 751; x_wconf 91' lang='lat' dir='ltr'>ipso</span> <span class='ocrx_word' id='word_1_44' title='bbox 926 681 1248 748; x_wconf 89' lang='lat' dir='ltr'>sublevatus,</span> <span class='ocrx_word' id='word_1_45' title='bbox 1289 688 1462 735; x_wconf 89' lang='lat' dir='ltr'>mente</span> <span class='ocrx_word' id='word_1_46' title='bbox 1493 683 1776 750; x_wconf 80' lang='lat' dir='ltr'>disposuit,</span> <span class='ocrx_word' id='word_1_47' title='bbox 1819 689 1875 735; x_wconf 90' lang='lat' dir='ltr'>ut</span> <span class='ocrx_word' id='word_1_48' title='bbox 1905 682 2338 735; x_wconf 84' lang='lat' dir='ltr'>monasterialem</span> 
     </span>
    </p>
   </div>
   <div class='ocr_carea' id='block_1_8' title="bbox 460 753 2380 823">
    <p class='ocr_par' dir='ltr' id='par_1_9' title="bbox 460 753 2380 823">
     <span class='ocr_line' id='line_1_12' title="bbox 460 753 2380 823; baseline 0 -16"><span class='ocrx_word' id='word_1_49' title='bbox 460 757 654 808; x_wconf 87' lang='lat' dir='ltr'>*vitam</span> <span class='ocrx_word' id='word_1_50' title='bbox 685 753 905 818; x_wconf 91' lang='lat' dir='ltr'>subiret,</span> <span class='ocrx_word' id='word_1_51' title='bbox 946 754 1115 806; x_wconf 86' lang='lat' dir='ltr'>sicubi</span> <span class='ocrx_word' id='word_1_52' title='bbox 1152 755 1370 807; x_wconf 87' lang='lat' dir='ltr'>maioris</span> <span class='ocrx_word' id='word_1_53' title='bbox 1409 754 1748 808; x_wconf 88' lang='lat' dir='ltr'>obedienciae</span> <span class='ocrx_word' id='word_1_54' title='bbox 1785 755 2022 823; x_wconf 90' lang='lat' dir='ltr'>regulam</span> <span class='ocrx_word' id='word_1_55' title='bbox 2062 754 2337 808; x_wconf 89' lang='lat' dir='ltr'>inveniret.</span> <span class='ocrx_word' id='word_1_56' title='bbox 2362 770 2380 788; x_wconf 82' lang='lat'>*</span> 
     </span>
    </p>
   </div>
   <div class='ocr_carea' id='block_1_9' title="bbox 443 825 2341 3331">
    <p class='ocr_par' dir='ltr' id='par_1_10' title="bbox 458 825 2339 1597">
     <span class='ocr_line' id='line_1_13' title="bbox 460 825 2339 895; baseline 0 -17"><span class='ocrx_word' id='word_1_57' title='bbox 460 826 615 890; x_wconf 79' lang='lat' dir='ltr'>Quod</span> <span class='ocrx_word' id='word_1_58' title='bbox 647 825 772 877; x_wconf 90' lang='lat' dir='ltr'>dum</span> <span class='ocrx_word' id='word_1_59' title='bbox 804 826 860 877; x_wconf 90' lang='lat' dir='ltr'>in</span> <span class='ocrx_word' id='word_1_60' title='bbox 892 825 1111 877; x_wconf 88' lang='lat' dir='ltr'>exordio</span> <span class='ocrx_word' id='word_1_61' title='bbox 1141 843 1237 895; x_wconf 92' lang='lat' dir='ltr'>per</span> <span class='ocrx_word' id='word_1_62' title='bbox 1268 826 1616 878; x_wconf 88' lang='lat' dir='ltr'>intentionem</span> <span class='ocrx_word' id='word_1_63' title='bbox 1649 827 1842 894; x_wconf 84' lang='lat' dir='ltr'>agitur,</span> <span class='ocrx_word' id='word_1_64' title='bbox 1882 844 1914 879; x_wconf 90' lang='lat' dir='ltr'>a</span> <span class='ocrx_word' id='word_1_65' title='bbox 1946 826 2111 878; x_wconf 88' lang='lat' dir='ltr'>tercio</span> <span class='ocrx_word' id='word_1_66' title='bbox 2143 825 2339 878; x_wconf 87' lang='lat' dir='ltr'>Ottone</span> 
     </span>
     <span class='ocr_line' id='line_1_14' title="bbox 460 896 2337 968; baseline 0 -18"><span class='ocrx_word' id='word_1_67' title='bbox 460 900 777 968; x_wconf 88' lang='lat' dir='ltr'>imperatore</span> <span class='ocrx_word' id='word_1_68' title='bbox 845 897 914 949; x_wconf 91' lang='lat' dir='ltr'>ad</span> <span class='ocrx_word' id='word_1_69' title='bbox 980 898 1341 966; x_wconf 89' lang='lat' dir='ltr'>episcopatum</span> <span class='ocrx_word' id='word_1_70' title='bbox 1407 898 1797 950; x_wconf 88' lang='lat' dir='ltr'>Traiectensem</span> <span class='ocrx_word' id='word_1_71' title='bbox 1873 916 1967 966; x_wconf 92' lang='lat' dir='ltr'>per</span> <span class='ocrx_word' id='word_1_72' title='bbox 2032 896 2337 964; x_wconf 86' lang='lat' dir='ltr'>Notgerum,</span> 
     </span>
     <span class='ocr_line' id='line_1_15' title="bbox 461 967 2339 1037; baseline -0.001 -15"><span class='ocrx_word' id='word_1_73' title='bbox 461 969 648 1022; x_wconf 88' lang='lat' dir='ltr'>Leodii</span> <span class='ocrx_word' id='word_1_74' title='bbox 691 967 998 1037; x_wconf 86' lang='lat' dir='ltr'>pontificem</span> <span class='ocrx_word' id='word_1_75' title='bbox 1015 970 1054 1033; x_wconf 83' lang='lat' dir='ltr'>l,</span> <span class='ocrx_word' id='word_1_76' title='bbox 1103 986 1310 1021; x_wconf 89' lang='lat' dir='ltr'>summa</span> <span class='ocrx_word' id='word_1_77' title='bbox 1354 969 1673 1022; x_wconf 86' lang='lat' dir='ltr'>necessitate</span> <span class='ocrx_word' id='word_1_78' title='bbox 1718 974 1950 1023; x_wconf 89' lang='lat' dir='ltr'>vocatur.</span> <span class='ocrx_word' id='word_1_79' title='bbox 2035 968 2175 1020; x_wconf 90' lang='lat' dir='ltr'>Illud</span> <span class='ocrx_word' id='word_1_80' title='bbox 2218 986 2339 1037; x_wconf 90' lang='lat' dir='ltr'>pro-</span> 
     </span>
     <span class='ocr_line' id='line_1_16' title="bbox 461 1039 2339 1108; baseline -0.001 -15"><span class='ocrx_word' id='word_1_81' title='bbox 461 1042 599 1094; x_wconf 87' lang='lat' dir='ltr'>fecto</span> <span class='ocrx_word' id='word_1_82' title='bbox 649 1040 775 1092; x_wconf 91' lang='lat' dir='ltr'>dum</span> <span class='ocrx_word' id='word_1_83' title='bbox 823 1039 1048 1105; x_wconf 91' lang='lat' dir='ltr'>audivit,</span> <span class='ocrx_word' id='word_1_84' title='bbox 1113 1040 1373 1108; x_wconf 89' lang='lat' dir='ltr'>capellam</span> <span class='ocrx_word' id='word_1_85' title='bbox 1431 1045 1731 1108; x_wconf 90' lang='lat' dir='ltr'>Aquensem</span> <span class='ocrx_word' id='word_1_86' title='bbox 1793 1041 2000 1093; x_wconf 92' lang='lat' dir='ltr'>introiit</span> <span class='ocrx_word' id='word_1_87' title='bbox 2055 1046 2106 1092; x_wconf 91' lang='lat' dir='ltr'>et</span> <span class='ocrx_word' id='word_1_88' title='bbox 2153 1039 2339 1092; x_wconf 89' lang='lat' dir='ltr'>mundi</span> 
     </span>
     <span class='ocr_line' id='line_1_17' title="bbox 461 1111 2338 1179; baseline -0.001 -14"><span class='ocrx_word' id='word_1_89' title='bbox 461 1113 729 1166; x_wconf 90' lang='lat' dir='ltr'>dominam</span> <span class='ocrx_word' id='word_1_90' title='bbox 767 1112 1022 1175; x_wconf 88' lang='lat' dir='ltr'>exoravit,</span> <span class='ocrx_word' id='word_1_91' title='bbox 1068 1118 1128 1164; x_wconf 88' lang='lat' dir='ltr'>ut</span> <span class='ocrx_word' id='word_1_92' title='bbox 1166 1113 1211 1164; x_wconf 91' lang='lat' dir='ltr'>si</span> <span class='ocrx_word' id='word_1_93' title='bbox 1249 1116 1390 1165; x_wconf 89' lang='lat' dir='ltr'>esset</span> <span class='ocrx_word' id='word_1_94' title='bbox 1433 1129 1466 1164; x_wconf 89' lang='lat' dir='ltr'>a</span> <span class='ocrx_word' id='word_1_95' title='bbox 1505 1113 1631 1176; x_wconf 92' lang='lat' dir='ltr'>De0,</span> <span class='ocrx_word' id='word_1_96' title='bbox 1679 1113 1932 1165; x_wconf 90' lang='lat' dir='ltr'>canonice</span> <span class='ocrx_word' id='word_1_97' title='bbox 1978 1111 2338 1179; x_wconf 88' lang='lat' dir='ltr'>perficeretur,</span> 
     </span>
     <span class='ocr_line' id='line_1_18' title="bbox 461 1183 2337 1252; baseline -0.001 -15"><span class='ocrx_word' id='word_1_98' title='bbox 461 1186 506 1238; x_wconf 91' lang='lat' dir='ltr'>si</span> <span class='ocrx_word' id='word_1_99' title='bbox 537 1202 657 1248; x_wconf 89' lang='lat' dir='ltr'>non,</span> <span class='ocrx_word' id='word_1_100' title='bbox 685 1183 1100 1236; x_wconf 88' lang='lat' dir='ltr'>misericorditer</span> <span class='ocrx_word' id='word_1_101' title='bbox 1129 1183 1516 1238; x_wconf 87' lang='lat' dir='ltr'>annullaretur.</span> <span class='ocrx_word' id='word_1_102' title='bbox 1577 1183 1680 1236; x_wconf 82' lang='lat' dir='ltr'>Sed</span> <span class='ocrx_word' id='word_1_103' title='bbox 1708 1190 1994 1252; x_wconf 84' lang='lat' dir='ltr'>postquam</span> <span class='ocrx_word' id='word_1_104' title='bbox 2026 1183 2337 1251; x_wconf 81' lang='lat' dir='ltr'>EvergeruS,</span> 
     </span>
     <span class='ocr_line' id='line_1_19' title="bbox 462 1254 2338 1324; baseline -0.001 -15"><span class='ocrx_word' id='word_1_105' title='bbox 462 1255 791 1309; x_wconf 87' lang='lat' dir='ltr'>Coloniensis</span> <span class='ocrx_word' id='word_1_106' title='bbox 830 1255 1280 1324; x_wconf 87' lang='lat' dir='ltr'>archiepiscopus,</span> <span class='ocrx_word' id='word_1_107' title='bbox 1321 1254 1776 1323; x_wconf 82' lang='lat' dir='ltr'>suffraganeorum</span> <span class='ocrx_word' id='word_1_108' title='bbox 1817 1273 2076 1308; x_wconf 90' lang='lat' dir='ltr'>consensu</span> <span class='ocrx_word' id='word_1_109' title='bbox 2114 1256 2338 1324; x_wconf 89' lang='lat' dir='ltr'>impera-</span> 
     </span>
     <span class='ocr_line' id='line_1_20' title="bbox 459 1327 2335 1396; baseline -0.001 -15"><span class='ocrx_word' id='word_1_110' title='bbox 459 1329 564 1381; x_wconf 92' lang='lat' dir='ltr'>tori</span> <span class='ocrx_word' id='word_1_111' title='bbox 604 1328 810 1396; x_wconf 87' lang='lat' dir='ltr'>sibique</span> <span class='ocrx_word' id='word_1_112' title='bbox 841 1328 927 1379; x_wconf 77' lang='lat' dir='ltr'>ina</span> <span class='ocrx_word' id='word_1_113' title='bbox 965 1327 1196 1379; x_wconf 91' lang='lat' dir='ltr'>medium</span> <span class='ocrx_word' id='word_1_114' title='bbox 1232 1327 1513 1391; x_wconf 90' lang='lat' dir='ltr'>consuluit,</span> <span class='ocrx_word' id='word_1_115' title='bbox 1552 1327 1710 1380; x_wconf 92' lang='lat' dir='ltr'>vellet</span> <span class='ocrx_word' id='word_1_116' title='bbox 1739 1328 1905 1379; x_wconf 90' lang='lat' dir='ltr'>nollet</span> <span class='ocrx_word' id='word_1_117' title='bbox 1935 1327 2005 1379; x_wconf 92' lang='lat' dir='ltr'>ad</span> <span class='ocrx_word' id='word_1_118' title='bbox 2035 1327 2335 1396; x_wconf 88' lang='lat' dir='ltr'>episcopum</span> 
     </span>
     <span class='ocr_line' id='line_1_21' title="bbox 460 1397 2336 1467; baseline -0.001 -15"><span class='ocrx_word' id='word_1_119' title='bbox 460 1397 839 1452; x_wconf 82' lang='lat' dir='ltr'>acclamatur2.</span> <span class='ocrx_word' id='word_1_120' title='bbox 922 1398 1042 1451; x_wconf 92' lang='lat' dir='ltr'>Non</span> <span class='ocrx_word' id='word_1_121' title='bbox 1088 1399 1255 1451; x_wconf 90' lang='lat' dir='ltr'>multo</span> <span class='ocrx_word' id='word_1_122' title='bbox 1299 1405 1422 1467; x_wconf 89' lang='lat' dir='ltr'>post</span> <span class='ocrx_word' id='word_1_123' title='bbox 1465 1399 1701 1467; x_wconf 90' lang='lat' dir='ltr'>quinque</span> <span class='ocrx_word' id='word_1_124' title='bbox 1746 1404 1925 1452; x_wconf 87' lang='lat' dir='ltr'>curtes</span> <span class='ocrx_word' id='word_1_125' title='bbox 1972 1398 2036 1451; x_wconf 88' lang='lat' dir='ltr'>de</span> <span class='ocrx_word' id='word_1_126' title='bbox 2081 1416 2178 1451; x_wconf 82' lang='lat' dir='ltr'>sua</span> <span class='ocrx_word' id='word_1_127' title='bbox 2218 1416 2336 1466; x_wconf 89' lang='lat' dir='ltr'>pro-</span> 
     </span>
     <span class='ocr_line' id='line_1_22' title="bbox 459 1469 2339 1541; baseline -0.001 -17"><span class='ocrx_word' id='word_1_128' title='bbox 459 1473 690 1541; x_wconf 87' lang='lat' dir='ltr'>prietate</span> <span class='ocrx_word' id='word_1_129' title='bbox 748 1470 906 1524; x_wconf 86' lang='lat' dir='ltr'>beato</span> <span class='ocrx_word' id='word_1_130' title='bbox 958 1471 1192 1523; x_wconf 87' lang='lat' dir='ltr'>Martino</span> <span class='ocrx_word' id='word_1_131' title='bbox 1251 1470 1497 1535; x_wconf 90' lang='lat' dir='ltr'>tradidit,</span> <span class='ocrx_word' id='word_1_132' title='bbox 1558 1469 1703 1523; x_wconf 89' lang='lat' dir='ltr'>fideli</span> <span class='ocrx_word' id='word_1_133' title='bbox 1762 1471 1980 1539; x_wconf 89' lang='lat' dir='ltr'>inquam</span> <span class='ocrx_word' id='word_1_134' title='bbox 2038 1469 2339 1523; x_wconf 88' lang='lat' dir='ltr'>fideiussori</span> 
     </span>
     <span class='ocr_line' id='line_1_23' title="bbox 458 1544 913 1597; baseline -0.002 0"><span class='ocrx_word' id='word_1_135' title='bbox 458 1544 675 1597; x_wconf 88' lang='lat' dir='ltr'>talionis</span> <span class='ocrx_word' id='word_1_136' title='bbox 713 1560 913 1596; x_wconf 90' lang='lat' dir='ltr'>earum.</span> 
     </span>
    </p>

    <p class='ocr_par' dir='ltr' id='par_1_11' title="bbox 443 1612 2340 2531">
     <span class='ocr_line' id='line_1_24' title="bbox 602 1612 2336 1682; baseline -0.003 -13"><span class='ocrx_word' id='word_1_137' title='bbox 602 1617 687 1670; x_wconf 79' lang='lat'>36.</span> <span class='ocrx_word' id='word_1_138' title='bbox 730 1615 792 1667; x_wconf 93' lang='lat' dir='ltr'>In</span> <span class='ocrx_word' id='word_1_139' title='bbox 824 1619 1093 1667; x_wconf 88' lang='lat' dir='ltr'>senectute</span> <span class='ocrx_word' id='word_1_140' title='bbox 1128 1630 1253 1682; x_wconf 87' lang='lat' dir='ltr'>ergo</span> <span class='ocrx_word' id='word_1_141' title='bbox 1288 1631 1400 1680; x_wconf 88' lang='lat' dir='ltr'>sua,</span> <span class='ocrx_word' id='word_1_142' title='bbox 1434 1613 1787 1682; x_wconf 86' lang='lat' dir='ltr'>caligantibus</span> <span class='ocrx_word' id='word_1_143' title='bbox 1818 1613 1923 1665; x_wconf 89' lang='lat' dir='ltr'>iam</span> <span class='ocrx_word' id='word_1_144' title='bbox 1959 1612 2128 1665; x_wconf 91' lang='lat' dir='ltr'>oculis</span> <span class='ocrx_word' id='word_1_145' title='bbox 2152 1613 2336 1682; x_wconf 84' lang='lat' dir='ltr'>ipsius,</span> 
     </span>
     <span class='ocr_line' id='line_1_25' title="bbox 457 1684 2338 1754; baseline -0.002 -15"><span class='ocrx_word' id='word_1_146' title='bbox 457 1687 633 1740; x_wconf 89' lang='lat' dir='ltr'>factus</span> <span class='ocrx_word' id='word_1_147' title='bbox 658 1692 740 1739; x_wconf 89' lang='lat' dir='ltr'>est</span> <span class='ocrx_word' id='word_1_148' title='bbox 762 1686 1071 1740; x_wconf 82' lang='lat' dir='ltr'>monachus,</span> <span class='ocrx_word' id='word_1_149' title='bbox 1117 1684 1470 1754; x_wconf 85' lang='lat' dir='ltr'>Septuaginta</span> <span class='ocrx_word' id='word_1_150' title='bbox 1495 1685 1628 1738; x_wconf 91' lang='lat' dir='ltr'>duos</span> <span class='ocrx_word' id='word_1_151' title='bbox 1651 1702 1914 1754; x_wconf 91' lang='lat' dir='ltr'>pauperes</span> <span class='ocrx_word' id='word_1_152' title='bbox 1937 1685 2154 1753; x_wconf 87' lang='lat' dir='ltr'>propria</span> <span class='ocrx_word' id='word_1_153' title='bbox 2177 1701 2338 1737; x_wconf 91' lang='lat' dir='ltr'>manu</span> 
     </span>
     <span class='ocr_line' id='line_1_26' title="bbox 458 1756 2339 1828; baseline -0.002 -16"><span class='ocrx_word' id='word_1_154' title='bbox 458 1759 677 1812; x_wconf 88' lang='lat' dir='ltr'>cottidie</span> <span class='ocrx_word' id='word_1_155' title='bbox 715 1759 875 1828; x_wconf 87' lang='lat' dir='ltr'>pavit.</span> <span class='ocrx_word' id='word_1_156' title='bbox 963 1757 1180 1810; x_wconf 88' lang='lat' dir='ltr'>Illorum</span> <span class='ocrx_word' id='word_1_157' title='bbox 1219 1758 1414 1826; x_wconf 90' lang='lat' dir='ltr'>quippe</span> <span class='ocrx_word' id='word_1_158' title='bbox 1453 1756 1849 1821; x_wconf 87' lang='lat' dir='ltr'>infirmioribus,</span> <span class='ocrx_word' id='word_1_159' title='bbox 1889 1757 2184 1809; x_wconf 88' lang='lat' dir='ltr'>camerario</span> <span class='ocrx_word' id='word_1_160' title='bbox 2221 1774 2339 1826; x_wconf 90' lang='lat' dir='ltr'>pre-</span> 
     </span>
     <span class='ocr_line' id='line_1_27' title="bbox 461 1828 2339 1898; baseline -0.002 -14"><span class='ocrx_word' id='word_1_161' title='bbox 461 1832 695 1896; x_wconf 88' lang='lat' dir='ltr'>cedente,</span> <span class='ocrx_word' id='word_1_162' title='bbox 735 1848 890 1882; x_wconf 92' lang='lat' dir='ltr'>cecus</span> <span class='ocrx_word' id='word_1_163' title='bbox 931 1831 1044 1898; x_wconf 89' lang='lat' dir='ltr'>ipse</span> <span class='ocrx_word' id='word_1_164' title='bbox 1082 1829 1149 1881; x_wconf 90' lang='lat' dir='ltr'>ab</span> <span class='ocrx_word' id='word_1_165' title='bbox 1190 1830 1294 1881; x_wconf 90' lang='lat' dir='ltr'>imo</span> <span class='ocrx_word' id='word_1_166' title='bbox 1326 1828 1482 1882; x_wconf 89' lang='lat' dir='ltr'>vallis</span> <span class='ocrx_word' id='word_1_167' title='bbox 1521 1829 1587 1881; x_wconf 91' lang='lat' dir='ltr'>ad</span> <span class='ocrx_word' id='word_1_168' title='bbox 1624 1847 1832 1881; x_wconf 90' lang='lat' dir='ltr'>summa</span> <span class='ocrx_word' id='word_1_169' title='bbox 1861 1828 2058 1881; x_wconf 90' lang='lat' dir='ltr'>montis</span> <span class='ocrx_word' id='word_1_170' title='bbox 2088 1828 2339 1880; x_wconf 91' lang='lat' dir='ltr'>balneum</span> 
     </span>
     <span class='ocr_line' id='line_1_28' title="bbox 458 1900 2340 1972; baseline -0.002 -16"><span class='ocrx_word' id='word_1_171' title='bbox 458 1910 680 1972; x_wconf 89' lang='lat' dir='ltr'>portans</span> <span class='ocrx_word' id='word_1_172' title='bbox 711 1902 1022 1971; x_wconf 84' lang='lat' dir='ltr'>preparavit</span> <span class='ocrx_word' id='word_1_173' title='bbox 1054 1903 1109 1954; x_wconf 91' lang='lat' dir='ltr'>in</span> <span class='ocrx_word' id='word_1_174' title='bbox 1139 1906 1291 1954; x_wconf 92' lang='lat' dir='ltr'>nocte</span> <span class='ocrx_word' id='word_1_175' title='bbox 1326 1906 1379 1953; x_wconf 91' lang='lat' dir='ltr'>et</span> <span class='ocrx_word' id='word_1_176' title='bbox 1409 1902 1702 1954; x_wconf 88' lang='lat' dir='ltr'>mutatoria</span> <span class='ocrx_word' id='word_1_177' title='bbox 1732 1906 2015 1969; x_wconf 89' lang='lat' dir='ltr'>ceteraque</span> <span class='ocrx_word' id='word_1_178' title='bbox 2039 1900 2340 1953; x_wconf 90' lang='lat' dir='ltr'>necessaria</span> 
     </span>
     <span class='ocr_line' id='line_1_29' title="bbox 460 1972 2339 2043; baseline -0.002 -16"><span class='ocrx_word' id='word_1_179' title='bbox 460 1977 696 2043; x_wconf 92' lang='lat' dir='ltr'>corporis</span> <span class='ocrx_word' id='word_1_180' title='bbox 745 1973 979 2043; x_wconf 89' lang='lat' dir='ltr'>prebuit,</span> <span class='ocrx_word' id='word_1_181' title='bbox 1031 1973 1218 2026; x_wconf 91' lang='lat' dir='ltr'>iubens</span> <span class='ocrx_word' id='word_1_182' title='bbox 1268 1991 1357 2026; x_wconf 92' lang='lat' dir='ltr'>eos</span> <span class='ocrx_word' id='word_1_183' title='bbox 1406 1974 1460 2025; x_wconf 91' lang='lat' dir='ltr'>in</span> <span class='ocrx_word' id='word_1_184' title='bbox 1509 1991 1640 2040; x_wconf 91' lang='lat' dir='ltr'>pace</span> <span class='ocrx_word' id='word_1_185' title='bbox 1687 1972 1960 2034; x_wconf 88' lang='lat' dir='ltr'>recedere,</span> <span class='ocrx_word' id='word_1_186' title='bbox 2011 1978 2071 2024; x_wconf 92' lang='lat' dir='ltr'>ut</span> <span class='ocrx_word' id='word_1_187' title='bbox 2119 1972 2195 2024; x_wconf 94' lang='lat' dir='ltr'>sic</span> <span class='ocrx_word' id='word_1_188' title='bbox 2241 1989 2339 2024; x_wconf 90' lang='lat' dir='ltr'>sua</span> 
     </span>
     <span class='ocr_line' id='line_1_30' title="bbox 459 2043 2337 2115; baseline -0.002 -16"><span class='ocrx_word' id='word_1_189' title='bbox 459 2065 621 2115; x_wconf 91' lang='lat' dir='ltr'>opera</span> <span class='ocrx_word' id='word_1_190' title='bbox 661 2045 999 2099; x_wconf 79' lang='lat' dir='ltr'>¹obnubilare</span> <span class='ocrx_word' id='word_1_191' title='bbox 1051 2044 1265 2098; x_wconf 88' lang='lat' dir='ltr'>valeret.</span> <span class='ocrx_word' id='word_1_192' title='bbox 1363 2044 1422 2097; x_wconf 91' lang='lat' dir='ltr'>In</span> <span class='ocrx_word' id='word_1_193' title='bbox 1483 2045 1666 2097; x_wconf 89' lang='lat' dir='ltr'>eodem</span> <span class='ocrx_word' id='word_1_194' title='bbox 1718 2051 1899 2097; x_wconf 84' lang='lat' dir='ltr'>monte</span> <span class='ocrx_word' id='word_1_195' title='bbox 1954 2043 2337 2097; x_wconf 86' lang='lat' dir='ltr'>monachorum</span> 
     </span>
     <span class='ocr_line' id='line_1_31' title="bbox 462 2115 2340 2186; baseline -0.002 -15"><span class='ocrx_word' id='word_1_196' title='bbox 462 2119 925 2186; x_wconf 84' lang='lat' dir='ltr'>congregationem</span> <span class='ocrx_word' id='word_1_197' title='bbox 974 2115 1295 2181; x_wconf 73' lang='lat' dir='ltr'>ordinavit-⁹³,</span> <span class='ocrx_word' id='word_1_198' title='bbox 1351 2134 1384 2168; x_wconf 93' lang='lat' dir='ltr'>a</span> <span class='ocrx_word' id='word_1_199' title='bbox 1435 2134 1659 2184; x_wconf 92' lang='lat' dir='ltr'>quorum</span> <span class='ocrx_word' id='word_1_200' title='bbox 1713 2115 1981 2185; x_wconf 91' lang='lat' dir='ltr'>prioribus</span> <span class='ocrx_word' id='word_1_201' title='bbox 2034 2116 2207 2184; x_wconf 88' lang='lat' dir='ltr'>scopis</span> <span class='ocrx_word' id='word_1_202' title='bbox 2259 2121 2340 2167; x_wconf 91' lang='lat' dir='ltr'>est</span> 
     </span>
     <span class='ocr_line' id='line_1_32' title="bbox 459 2186 2336 2260; baseline -0.002 -17"><span class='ocrx_word' id='word_1_203' title='bbox 459 2192 637 2260; x_wconf 91' lang='lat' dir='ltr'>sepius</span> <span class='ocrx_word' id='word_1_204' title='bbox 684 2190 998 2257; x_wconf 79' lang='lat' dir='ltr'>castigatUS,</span> <span class='ocrx_word' id='word_1_205' title='bbox 1047 2189 1169 2241; x_wconf 89' lang='lat' dir='ltr'>dum</span> <span class='ocrx_word' id='word_1_206' title='bbox 1219 2188 1443 2241; x_wconf 90' lang='lat' dir='ltr'>auderet</span> <span class='ocrx_word' id='word_1_207' title='bbox 1485 2189 1735 2241; x_wconf 91' lang='lat' dir='ltr'>resistere</span> <span class='ocrx_word' id='word_1_208' title='bbox 1774 2205 1954 2240; x_wconf 88' lang='lat' dir='ltr'>eorum</span> <span class='ocrx_word' id='word_1_209' title='bbox 1995 2186 2336 2239; x_wconf 76' lang='lat' dir='ltr'>iussionibus,</span> 
     </span>
     <span class='ocr_line' id='line_1_33' title="bbox 459 2258 2339 2330; baseline -0.002 -16"><span class='ocrx_word' id='word_1_210' title='bbox 459 2262 725 2330; x_wconf 80' lang='lat' dir='ltr'>Quicquid</span> <span class='ocrx_word' id='word_1_211' title='bbox 776 2263 846 2315; x_wconf 90' lang='lat' dir='ltr'>ad</span> <span class='ocrx_word' id='word_1_212' title='bbox 891 2261 1136 2313; x_wconf 89' lang='lat' dir='ltr'>ultimum</span> <span class='ocrx_word' id='word_1_213' title='bbox 1183 2261 1462 2326; x_wconf 87' lang='lat' dir='ltr'>acquirere</span> <span class='ocrx_word' id='word_1_214' title='bbox 1505 2261 1703 2330; x_wconf 91' lang='lat' dir='ltr'>potuit,</span> <span class='ocrx_word' id='word_1_215' title='bbox 1753 2277 2047 2328; x_wconf 84' lang='lat' dir='ltr'>pauperum</span> <span class='ocrx_word' id='word_1_216' title='bbox 2092 2258 2339 2311; x_wconf 88' lang='lat' dir='ltr'>manibus</span> 
     </span>
     <span class='ocr_line' id='line_1_34' title="bbox 457 2330 2339 2399; baseline -0.002 -12"><span class='ocrx_word' id='word_1_217' title='bbox 457 2335 664 2388; x_wconf 88' lang='lat' dir='ltr'>tribuit.</span> <span class='ocrx_word' id='word_1_218' title='bbox 752 2333 984 2386; x_wconf 90' lang='lat' dir='ltr'>Aviculis</span> <span class='ocrx_word' id='word_1_219' title='bbox 1034 2333 1196 2385; x_wconf 87' lang='lat' dir='ltr'>etiam</span> <span class='ocrx_word' id='word_1_220' title='bbox 1247 2333 1301 2384; x_wconf 91' lang='lat' dir='ltr'>in</span> <span class='ocrx_word' id='word_1_221' title='bbox 1350 2332 1523 2385; x_wconf 89' lang='lat' dir='ltr'>hieme</span> <span class='ocrx_word' id='word_1_222' title='bbox 1572 2331 1871 2399; x_wconf 89' lang='lat' dir='ltr'>manipulos</span> <span class='ocrx_word' id='word_1_223' title='bbox 1919 2348 2079 2399; x_wconf 87' lang='lat' dir='ltr'>super</span> <span class='ocrx_word' id='word_1_224' title='bbox 2122 2330 2339 2384; x_wconf 90' lang='lat' dir='ltr'>arbores</span> 
     </span>
     <span class='ocr_line' id='line_1_35' title="bbox 459 2402 2337 2473; baseline -0.002 -14"><span class='ocrx_word' id='word_1_225' title='bbox 459 2407 528 2459; x_wconf 90' lang='lat' dir='ltr'>ad</span> <span class='ocrx_word' id='word_1_226' title='bbox 567 2405 996 2459; x_wconf 89' lang='lat' dir='ltr'>manducandum</span> <span class='ocrx_word' id='word_1_227' title='bbox 1037 2405 1232 2457; x_wconf 87' lang='lat' dir='ltr'>intuitu</span> <span class='ocrx_word' id='word_1_228' title='bbox 1263 2404 1483 2473; x_wconf 87' lang='lat' dir='ltr'>pietatis</span> <span class='ocrx_word' id='word_1_229' title='bbox 1514 2405 1568 2456; x_wconf 92' lang='lat' dir='ltr'>in</span> <span class='ocrx_word' id='word_1_230' title='bbox 1600 2410 1777 2456; x_wconf 90' lang='lat' dir='ltr'>monte</span> <span class='ocrx_word' id='word_1_231' title='bbox 1809 2421 1904 2455; x_wconf 93' lang='lat' dir='ltr'>suo</span> <span class='ocrx_word' id='word_1_232' title='bbox 1937 2403 2164 2470; x_wconf 85' lang='lat' dir='ltr'>ponereb</span> <span class='ocrx_word' id='word_1_233' title='bbox 2194 2402 2337 2457; x_wconf 87' lang='lat' dir='ltr'>fecit.</span> 
     </span>
     <span class='ocr_line' id='line_1_36' title="bbox 443 2475 2041 2531; baseline -0.003 0"><span class='ocrx_word' id='word_1_234' title='bbox 443 2478 574 2531; x_wconf 28' lang='lat' dir='ltr'>*Sub</span> <span class='ocrx_word' id='word_1_235' title='bbox 614 2477 859 2530; x_wconf 87' lang='lat' dir='ltr'>clamidis</span> <span class='ocrx_word' id='word_1_236' title='bbox 898 2477 1160 2529; x_wconf 91' lang='lat' dir='ltr'>absconso</span> <span class='ocrx_word' id='word_1_237' title='bbox 1200 2477 1448 2529; x_wconf 90' lang='lat' dir='ltr'>continue</span> <span class='ocrx_word' id='word_1_238' title='bbox 1488 2476 1815 2529; x_wconf 89' lang='lat' dir='ltr'>vestiebatur</span> <span class='ocrx_word' id='word_1_239' title='bbox 1853 2475 2041 2527; x_wconf 84' lang='lat' dir='ltr'>cilicio.</span> 
     </span>
    </p>

    <p class='ocr_par' dir='ltr' id='par_1_12' title="bbox 459 2546 2341 3331">
     <span class='ocr_line' id='line_1_37' title="bbox 602 2546 2338 2616; baseline -0.003 -14"><span class='ocrx_word' id='word_1_240' title='bbox 602 2551 646 2602; x_wconf 88' lang='lat' dir='ltr'><strong>A</strong></span> <span class='ocrx_word' id='word_1_241' title='bbox 691 2550 861 2602; x_wconf 88' lang='lat' dir='ltr'>natali</span> <span class='ocrx_word' id='word_1_242' title='bbox 907 2549 1120 2601; x_wconf 90' lang='lat' dir='ltr'>Domini</span> <span class='ocrx_word' id='word_1_243' title='bbox 1166 2565 1334 2616; x_wconf 92' lang='lat' dir='ltr'>usque</span> <span class='ocrx_word' id='word_1_244' title='bbox 1380 2548 1449 2600; x_wconf 91' lang='lat' dir='ltr'>ad</span> <span class='ocrx_word' id='word_1_245' title='bbox 1494 2554 1711 2601; x_wconf 91' lang='lat' dir='ltr'>sanctae</span> <span class='ocrx_word' id='word_1_246' title='bbox 1756 2547 1930 2599; x_wconf 90' lang='lat' dir='ltr'>crucis</span> <span class='ocrx_word' id='word_1_247' title='bbox 1983 2546 2338 2599; x_wconf 86' lang='lat' dir='ltr'>inventionem</span> 
     </span>
     <span class='ocr_line' id='line_1_38' title="bbox 460 2620 2340 2689; baseline -0.002 -15"><span class='ocrx_word' id='word_1_248' title='bbox 460 2620 845 2685; x_wconf 88' lang='lat' dir='ltr'>infirmabatur,</span> <span class='ocrx_word' id='word_1_249' title='bbox 884 2638 988 2689; x_wconf 90' lang='lat' dir='ltr'>quo</span> <span class='ocrx_word' id='word_1_250' title='bbox 1027 2621 1283 2688; x_wconf 90' lang='lat' dir='ltr'>temporis</span> <span class='ocrx_word' id='word_1_251' title='bbox 1322 2621 1495 2688; x_wconf 85' lang='lat' dir='ltr'>spatio</span> <span class='ocrx_word' id='word_1_252' title='bbox 1534 2620 1679 2672; x_wconf 90' lang='lat' dir='ltr'>ultra</span> <span class='ocrx_word' id='word_1_253' title='bbox 1715 2625 1824 2671; x_wconf 89' lang='lat' dir='ltr'>tres</span> <span class='ocrx_word' id='word_1_254' title='bbox 1860 2636 2025 2687; x_wconf 89' lang='lat' dir='ltr'>panes</span> <span class='ocrx_word' id='word_1_255' title='bbox 2057 2636 2161 2670; x_wconf 91' lang='lat' dir='ltr'>non</span> <span class='ocrx_word' id='word_1_256' title='bbox 2191 2635 2340 2671; x_wconf 89' lang='lat' dir='ltr'>man-</span> 
     </span>
     <span class='ocr_line' id='line_1_39' title="bbox 461 2691 2338 2762; baseline -0.002 -16"><span class='ocrx_word' id='word_1_257' title='bbox 461 2693 690 2746; x_wconf 86' lang='lat' dir='ltr'>ducavit.</span> <span class='ocrx_word' id='word_1_258' title='bbox 749 2692 1219 2762; x_wconf 91' lang='lat' dir='ltr'>Appropinquante</span> <span class='ocrx_word' id='word_1_259' title='bbox 1251 2692 1357 2744; x_wconf 92' lang='lat' dir='ltr'>iam</span> <span class='ocrx_word' id='word_1_260' title='bbox 1391 2693 1568 2744; x_wconf 87' lang='lat' dir='ltr'>carnis</span> <span class='ocrx_word' id='word_1_261' title='bbox 1594 2692 1707 2744; x_wconf 93' lang='lat' dir='ltr'>eius</span> <span class='ocrx_word' id='word_1_262' title='bbox 1732 2691 2096 2755; x_wconf 89' lang='lat' dir='ltr'>dissolutione,</span> <span class='ocrx_word' id='word_1_263' title='bbox 2128 2707 2338 2743; x_wconf 91' lang='lat' dir='ltr'>crucem</span> 
     </span>
     <span class='ocr_line' id='line_1_40' title="bbox 459 2761 2340 2832; baseline -0.003 -14"><span class='ocrx_word' id='word_1_264' title='bbox 459 2767 515 2818; x_wconf 88' lang='lat' dir='ltr'>in</span> <span class='ocrx_word' id='word_1_265' title='bbox 551 2765 810 2829; x_wconf 85' lang='lat' dir='ltr'>fenestra,</span> <span class='ocrx_word' id='word_1_266' title='bbox 857 2782 995 2832; x_wconf 92' lang='lat' dir='ltr'>quae</span> <span class='ocrx_word' id='word_1_267' title='bbox 1041 2763 1114 2815; x_wconf 91' lang='lat' dir='ltr'>ibi</span> <span class='ocrx_word' id='word_1_268' title='bbox 1151 2770 1273 2831; x_wconf 89' lang='lat' dir='ltr'>post</span> <span class='ocrx_word' id='word_1_269' title='bbox 1310 2764 1684 2832; x_wconf 85' lang='lat' dir='ltr'>caligationem</span> <span class='ocrx_word' id='word_1_270' title='bbox 1724 2763 1996 2815; x_wconf 92' lang='lat' dir='ltr'>oculorum</span> <span class='ocrx_word' id='word_1_271' title='bbox 2042 2763 2157 2814; x_wconf 91' lang='lat' dir='ltr'>eius</span> <span class='ocrx_word' id='word_1_272' title='bbox 2195 2761 2340 2815; x_wconf 89' lang='lat' dir='ltr'>facta</span> 
     </span>
     <span class='ocr_line' id='line_1_41' title="bbox 461 2833 2339 2902; baseline -0.002 -13"><span class='ocrx_word' id='word_1_273' title='bbox 461 2838 579 2902; x_wconf 87' lang='lat' dir='ltr'>fuit,</span> <span class='ocrx_word' id='word_1_274' title='bbox 619 2836 751 2890; x_wconf 91' lang='lat' dir='ltr'>vidit</span> <span class='ocrx_word' id='word_1_275' title='bbox 788 2842 842 2889; x_wconf 88' lang='lat' dir='ltr'>et</span> <span class='ocrx_word' id='word_1_276' title='bbox 880 2835 1350 2888; x_wconf 86' lang='lat' dir='ltr'>circumstantibus</span> <span class='ocrx_word' id='word_1_277' title='bbox 1390 2854 1445 2889; x_wconf 90' lang='lat' dir='ltr'>se</span> <span class='ocrx_word' id='word_1_278' title='bbox 1484 2836 1661 2889; x_wconf 89' lang='lat' dir='ltr'>videre</span> <span class='ocrx_word' id='word_1_279' title='bbox 1699 2834 2076 2899; x_wconf 84' lang='lat' dir='ltr'>manifestavit,</span> <span class='ocrx_word' id='word_1_280' title='bbox 2115 2833 2339 2886; x_wconf 88' lang='lat' dir='ltr'>laudans</span> 
     </span>
     <span class='ocr_line' id='line_1_42' title="bbox 462 2904 2341 2974; baseline -0.002 -13"><span class='ocrx_word' id='word_1_281' title='bbox 462 2910 631 2962; x_wconf 89' lang='lat' dir='ltr'>Deum</span> <span class='ocrx_word' id='word_1_282' title='bbox 672 2914 725 2961; x_wconf 93' lang='lat' dir='ltr'>et</span> <span class='ocrx_word' id='word_1_283' title='bbox 762 2908 967 2961; x_wconf 84' lang='lat' dir='ltr'>dicens:</span> <span class='ocrx_word' id='word_1_284' title='bbox 1019 2907 1100 2959; x_wconf 84' lang='lat' dir='ltr'>‘In</span> <span class='ocrx_word' id='word_1_285' title='bbox 1139 2908 1366 2960; x_wconf 88' lang='lat' dir='ltr'>circuitu</span> <span class='ocrx_word' id='word_1_286' title='bbox 1404 2914 1512 2972; x_wconf 90' lang='lat' dir='ltr'>tu0,</span> <span class='ocrx_word' id='word_1_287' title='bbox 1553 2907 1794 2972; x_wconf 88' lang='lat' dir='ltr'>Domine,</span> <span class='ocrx_word' id='word_1_288' title='bbox 1842 2907 2015 2959; x_wconf 90' lang='lat' dir='ltr'>lumen</span> <span class='ocrx_word' id='word_1_289' title='bbox 2057 2911 2150 2969; x_wconf 87' lang='lat' dir='ltr'>est,</span> <span class='ocrx_word' id='word_1_290' title='bbox 2197 2904 2341 2974; x_wconf 91' lang='lat' dir='ltr'>quod</span> 
     </span>
     <span class='ocr_line' id='line_1_43' title="bbox 460 2979 2339 3048; baseline -0.002 -15"><span class='ocrx_word' id='word_1_291' title='bbox 460 2998 749 3048; x_wconf 89' lang='lat' dir='ltr'>numquam</span> <span class='ocrx_word' id='word_1_292' title='bbox 797 2979 1037 3034; x_wconf 84' lang='lat' dir='ltr'>deficiet.’</span> <span class='ocrx_word' id='word_1_293' title='bbox 1119 2979 1353 3031; x_wconf 89' lang='lat' dir='ltr'>Tandem</span> <span class='ocrx_word' id='word_1_294' title='bbox 1403 2980 1733 3032; x_wconf 87' lang='lat' dir='ltr'>sacrosancti</span> <span class='ocrx_word' id='word_1_295' title='bbox 1776 2979 1954 3031; x_wconf 88' lang='lat' dir='ltr'>viatici</span> <span class='ocrx_word' id='word_1_296' title='bbox 1998 2979 2339 3046; x_wconf 88' lang='lat' dir='ltr'>perceptione</span> 
     </span>
     <span class='ocr_line' id='line_1_44' title="bbox 462 3050 2337 3118; baseline -0.003 -13"><span class='ocrx_word' id='word_1_297' title='bbox 462 3054 720 3116; x_wconf 83' lang='lat' dir='ltr'>munituS,</span> <span class='ocrx_word' id='word_1_298' title='bbox 784 3052 973 3104; x_wconf 89' lang='lat' dir='ltr'>doctus</span> <span class='ocrx_word' id='word_1_299' title='bbox 1017 3057 1131 3104; x_wconf 89' lang='lat' dir='ltr'>tota</span> <span class='ocrx_word' id='word_1_300' title='bbox 1176 3052 1547 3118; x_wconf 86' lang='lat' dir='ltr'>expectatione</span> <span class='ocrx_word' id='word_1_301' title='bbox 1601 3051 1835 3103; x_wconf 91' lang='lat' dir='ltr'>Iudicem</span> <span class='ocrx_word' id='word_1_302' title='bbox 1888 3050 2110 3118; x_wconf 90' lang='lat' dir='ltr'>diligere</span> <span class='ocrx_word' id='word_1_303' title='bbox 2161 3054 2337 3118; x_wconf 88' lang='lat' dir='ltr'>atque,</span> 
     </span>
     <span class='ocr_line' id='line_1_45' title="bbox 462 3122 2339 3190; baseline -0.003 -13"><span class='ocrx_word' id='word_1_304' title='bbox 462 3130 523 3178; x_wconf 94' lang='lat' dir='ltr'>ut</span> <span class='ocrx_word' id='word_1_305' title='bbox 574 3126 652 3177; x_wconf 87' lang='lat' dir='ltr'>ita</span> <span class='ocrx_word' id='word_1_306' title='bbox 703 3124 950 3187; x_wconf 89' lang='lat' dir='ltr'>dixerim,</span> <span class='ocrx_word' id='word_1_307' title='bbox 1006 3122 1240 3175; x_wconf 86' lang='lat' dir='ltr'>timendo</span> <span class='ocrx_word' id='word_1_308' title='bbox 1286 3123 1688 3190; x_wconf 89' lang='lat' dir='ltr'>presencialiter</span> <span class='ocrx_word' id='word_1_309' title='bbox 1731 3122 1945 3175; x_wconf 89' lang='lat' dir='ltr'>rennuit</span> <span class='ocrx_word' id='word_1_310' title='bbox 1989 3123 2176 3174; x_wconf 87' lang='lat' dir='ltr'>timere</span> <span class='ocrx_word' id='word_1_311' title='bbox 2221 3137 2339 3188; x_wconf 86' lang='lat' dir='ltr'>per—</span> 
     </span>
     <span class='ocr_line' id='line_1_46' title="bbox 462 3193 2338 3265; baseline -0.003 -16"><span class='ocrx_word' id='word_1_312' title='bbox 462 3197 764 3265; x_wconf 88' lang='lat' dir='ltr'>petualiter.</span> <span class='ocrx_word' id='word_1_313' title='bbox 848 3195 1073 3248; x_wconf 88' lang='lat' dir='ltr'>Multum</span> <span class='ocrx_word' id='word_1_314' title='bbox 1119 3196 1174 3246; x_wconf 92' lang='lat' dir='ltr'>in</span> <span class='ocrx_word' id='word_1_315' title='bbox 1220 3201 1438 3247; x_wconf 91' lang='lat' dir='ltr'>sanctae</span> <span class='ocrx_word' id='word_1_316' title='bbox 1481 3195 1581 3247; x_wconf 89' lang='lat' dir='ltr'>Dei</span> <span class='ocrx_word' id='word_1_317' title='bbox 1626 3195 1898 3261; x_wconf 87' lang='lat' dir='ltr'>genitricis</span> <span class='ocrx_word' id='word_1_318' title='bbox 1943 3193 2338 3257; x_wconf 86' lang='lat' dir='ltr'>intercessione,</span> 
     </span>
     <span class='ocr_line' id='line_1_47' title="bbox 463 3288 1064 3331; baseline -0.005 -9"><span class='ocrx_word' id='word_1_319' title='bbox 463 3290 500 3331; x_wconf 76' lang='lat' dir='ltr'>a)</span> <span class='ocrx_word' id='word_1_320' title='bbox 522 3299 553 3322; x_wconf 83' lang='lat' dir='ltr'>s.</span> <span class='ocrx_word' id='word_1_321' title='bbox 578 3291 591 3321; x_wconf 86' lang='grc' dir='ltr'>ἰ</span> <span class='ocrx_word' id='word_1_322' title='bbox 614 3291 651 3322; x_wconf 82' lang='lat' dir='ltr'>in</span> <span class='ocrx_word' id='word_1_323' title='bbox 674 3292 707 3321; x_wconf 82' lang='lat'>2.</span> <span class='ocrx_word' id='word_1_324' title='bbox 795 3288 835 3330; x_wconf 85' lang='lat' dir='ltr'>b)</span> <span class='ocrx_word' id='word_1_325' title='bbox 857 3289 943 3329; x_wconf 87' lang='lat' dir='ltr'>poni</span> <span class='ocrx_word' id='word_1_326' title='bbox 966 3289 1007 3320; x_wconf 77' lang='lat' dir='ltr'>A.</span> <span class='ocrx_word' id='word_1_327' title='bbox 1027 3288 1064 3320; x_wconf 85' lang='lat' dir='ltr'>S.</span> 
     </span>
    </p>
   </div>
   <div class='ocr_carea' id='block_1_10' title="bbox 465 3351 2341 3697">
    <p class='ocr_par' dir='ltr' id='par_1_13' title="bbox 465 3351 2341 3697">
     <span class='ocr_line' id='line_1_48' title="bbox 468 3351 2340 3409; baseline -0.002 -10"><span class='ocrx_word' id='word_1_328' title='bbox 468 3355 507 3409; x_wconf 84' lang='lat'>1)</span> <span class='ocrx_word' id='word_1_329' title='bbox 553 3356 642 3408; x_wconf 65' lang='lat' dir='ltr'>Qui</span> <span class='ocrx_word' id='word_1_330' title='bbox 678 3356 792 3400; x_wconf 73' lang='lat' dir='ltr'>sedit</span> <span class='ocrx_word' id='word_1_331' title='bbox 827 3354 1118 3399; x_wconf 77' lang='lat'>972—1008.</span> <span class='ocrx_word' id='word_1_332' title='bbox 1269 3354 1314 3406; x_wconf 81' lang='lat'>2)</span> <span class='ocrx_word' id='word_1_333' title='bbox 1358 3352 1613 3408; x_wconf 76' lang='lat' dir='ltr'>Ansfrz&#39;dus</span> <span class='ocrx_word' id='word_1_334' title='bbox 1651 3353 1889 3408; x_wconf 70' lang='lat' dir='ltr'>episcopus</span> <span class='ocrx_word' id='word_1_335' title='bbox 1926 3353 2017 3399; x_wconf 76' lang='lat' dir='ltr'>fuit</span> <span class='ocrx_word' id='word_1_336' title='bbox 2051 3351 2340 3396; x_wconf 76' lang='lat'>995-1010.</span> 
     </span>
     <span class='ocr_line' id='line_1_49' title="bbox 465 3409 2338 3467; baseline -0.003 -10"><span class='ocrx_word' id='word_1_337' title='bbox 465 3415 537 3457; x_wconf 91' lang='lat' dir='ltr'>De</span> <span class='ocrx_word' id='word_1_338' title='bbox 561 3427 610 3456; x_wconf 86' lang='lat' dir='ltr'>eo</span> <span class='ocrx_word' id='word_1_339' title='bbox 632 3414 733 3457; x_wconf 82' lang='lat' dir='ltr'>vide</span> <span class='ocrx_word' id='word_1_340' title='bbox 756 3414 890 3458; x_wconf 79' lang='lat' dir='ltr'>etiam</span> <span class='ocrx_word' id='word_1_341' title='bbox 907 3413 1141 3467; x_wconf 81' lang='lat' dir='ltr'>Alpertum</span> <span class='ocrx_word' id='word_1_342' title='bbox 1169 3412 1222 3454; x_wconf 81' lang='lat' dir='ltr'>de</span> <span class='ocrx_word' id='word_1_343' title='bbox 1244 3416 1490 3466; x_wconf 77' lang='lat' dir='ltr'>temporum</span> <span class='ocrx_word' id='word_1_344' title='bbox 1515 3411 1773 3455; x_wconf 70' lang='lat' dir='ltr'>diversitate</span> <span class='ocrx_word' id='word_1_345' title='bbox 1788 3410 1890 3462; x_wconf 81' lang='lat' dir='ltr'><strong><em>(SS.</em></strong></span> <span class='ocrx_word' id='word_1_346' title='bbox 1904 3412 1935 3453; x_wconf 91' lang='lat' dir='ltr'><strong><em>I</em></strong></span> <span class='ocrx_word' id='word_1_347' title='bbox 1946 3411 2000 3462; x_wconf 90' lang='lat' dir='ltr'>V)</span> <span class='ocrx_word' id='word_1_348' title='bbox 2016 3411 2058 3465; x_wconf 90' lang='lat' dir='ltr'>I,</span> <span class='ocrx_word' id='word_1_349' title='bbox 2082 3410 2249 3454; x_wconf 85' lang='lat'>11-15.</span> <span class='ocrx_word' id='word_1_350' title='bbox 2281 3409 2338 3454; x_wconf 88' lang='lat' dir='ltr'>L.</span> 
     </span>
     <span class='ocr_line' id='line_1_50' title="bbox 465 3467 2338 3525; baseline -0.003 -12"><span class='ocrx_word' id='word_1_351' title='bbox 465 3470 508 3523; x_wconf 85' lang='lat'>3)</span> <span class='ocrx_word' id='word_1_352' title='bbox 540 3472 598 3513; x_wconf 75' lang='lat' dir='ltr'>In</span> <span class='ocrx_word' id='word_1_353' title='bbox 629 3472 742 3525; x_wconf 81' lang='lat' dir='ltr'>loco,</span> <span class='ocrx_word' id='word_1_354' title='bbox 786 3471 860 3515; x_wconf 78' lang='lat' dir='ltr'>cui</span> <span class='ocrx_word' id='word_1_355' title='bbox 886 3483 1046 3513; x_wconf 76' lang='lat' dir='ltr'>nomen</span> <span class='ocrx_word' id='word_1_356' title='bbox 1078 3474 1174 3512; x_wconf 79' lang='lat' dir='ltr'>erat</span> <span class='ocrx_word' id='word_1_357' title='bbox 1203 3468 1424 3522; x_wconf 81' lang='lat' dir='ltr'>Hohorst‚</span> <span class='ocrx_word' id='word_1_358' title='bbox 1453 3474 1610 3523; x_wconf 76' lang='lat' dir='ltr'>postea</span> <span class='ocrx_word' id='word_1_359' title='bbox 1641 3468 1977 3524; x_wconf 75' lang='lat' dir='ltr'>Heilz&#39;yenbery,</span> <span class='ocrx_word' id='word_1_360' title='bbox 2014 3481 2158 3523; x_wconf 74' lang='lat' dir='ltr'>prope</span> <span class='ocrx_word' id='word_1_361' title='bbox 2185 3467 2338 3511; x_wconf 82' lang='lat' dir='ltr'>urbem</span> 
     </span>
     <span class='ocr_line' id='line_1_51' title="bbox 467 3524 2341 3582; baseline -0.002 -12"><span class='ocrx_word' id='word_1_362' title='bbox 467 3530 772 3582; x_wconf 77' lang='lat' dir='ltr'>Amersfoort;</span> <span class='ocrx_word' id='word_1_363' title='bbox 821 3527 880 3582; x_wconf 85' lang='lat' dir='ltr'>cf.</span> <span class='ocrx_word' id='word_1_364' title='bbox 918 3529 1124 3571; x_wconf 80' lang='lat' dir='ltr'>chartam</span> <span class='ocrx_word' id='word_1_365' title='bbox 1149 3526 1446 3578; x_wconf 75' lang='lat' dir='ltr'>fundationis</span> <span class='ocrx_word' id='word_1_366' title='bbox 1484 3541 1526 3570; x_wconf 86' lang='lat' dir='ltr'>a.</span> <span class='ocrx_word' id='word_1_367' title='bbox 1559 3527 1669 3570; x_wconf 88' lang='grc'>1006</span> <span class='ocrx_word' id='word_1_368' title='bbox 1709 3527 1824 3570; x_wconf 81' lang='lat' dir='ltr'>Nov.</span> <span class='ocrx_word' id='word_1_369' title='bbox 1850 3527 1902 3569; x_wconf 88' lang='lat'>16</span> <span class='ocrx_word' id='word_1_370' title='bbox 1941 3527 2094 3569; x_wconf 84' lang='lat' dir='ltr'>datam</span> <span class='ocrx_word' id='word_1_371' title='bbox 2130 3527 2177 3569; x_wconf 75' lang='lat' dir='ltr'>in</span> <span class='ocrx_word' id='word_1_372' title='bbox 2214 3524 2341 3568; x_wconf 78' lang='lat' dir='ltr'>Actis</span> 
     </span>
     <span class='ocr_line' id='line_1_52' title="bbox 466 3583 2338 3638; baseline -0.001 -12"><span class='ocrx_word' id='word_1_373' title='bbox 466 3585 618 3627; x_wconf 68' lang='lat' dir='ltr'>Samot.</span> <span class='ocrx_word' id='word_1_374' title='bbox 646 3587 750 3628; x_wconf 78' lang='lat' dir='ltr'>Mai</span> <span class='ocrx_word' id='word_1_375' title='bbox 778 3587 817 3633; x_wconf 85' lang='grc' dir='ltr'>Ι,</span> <span class='ocrx_word' id='word_1_376' title='bbox 848 3587 946 3629; x_wconf 88' lang='lat'>430.</span> <span class='ocrx_word' id='word_1_377' title='bbox 1006 3586 1065 3627; x_wconf 78' lang='lat' dir='ltr'>In</span> <span class='ocrx_word' id='word_1_378' title='bbox 1094 3585 1179 3628; x_wconf 81' lang='lat' dir='ltr'>hoc</span> <span class='ocrx_word' id='word_1_379' title='bbox 1206 3584 1474 3627; x_wconf 75' lang='lat' dir='ltr'>monasterio</span> <span class='ocrx_word' id='word_1_380' title='bbox 1500 3584 1715 3638; x_wconf 76' lang='lat' dir='ltr'>Alpertus</span> <span class='ocrx_word' id='word_1_381' title='bbox 1744 3597 1859 3638; x_wconf 80' lang='lat' dir='ltr'>opus</span> <span class='ocrx_word' id='word_1_382' title='bbox 1889 3583 2005 3626; x_wconf 71' lang='lat' dir='ltr'>illud</span> <span class='ocrx_word' id='word_1_383' title='bbox 2032 3583 2208 3627; x_wconf 81' lang='lat' dir='ltr'>videtur</span> <span class='ocrx_word' id='word_1_384' title='bbox 2238 3594 2338 3625; x_wconf 82' lang='lat' dir='ltr'>con-</span> 
     </span>
     <span class='ocr_line' id='line_1_53' title="bbox 467 3638 1799 3697; baseline 0.001 -13"><span class='ocrx_word' id='word_1_385' title='bbox 467 3642 703 3695; x_wconf 68' lang='lat' dir='ltr'>scripsisse</span> <span class='ocrx_word' id='word_1_386' title='bbox 714 3660 727 3697; x_wconf 80' lang='lat'>,-</span> <span class='ocrx_word' id='word_1_387' title='bbox 759 3643 816 3697; x_wconf 81' lang='lat' dir='ltr'>cf.</span> <span class='ocrx_word' id='word_1_388' title='bbox 860 3641 1169 3694; x_wconf 49' lang='lat' dir='ltr'>&#39;Wattenbacla</span> <span class='ocrx_word' id='word_1_389' title='bbox 1202 3640 1568 3697; x_wconf 73' lang='lat' dir='ltr'>‘Geschz&#39;chtsqu.⁷</span> <span class='ocrx_word' id='word_1_390' title='bbox 1599 3638 1670 3695; x_wconf 76' lang='lat'>⁴1,</span> <span class='ocrx_word' id='word_1_391' title='bbox 1702 3643 1799 3686; x_wconf 88' lang='lat'><strong>303.</strong></span> 
     </span>
    </p>
   </div>
  </div>
 </body>
</html>
