2456 4036
298 444 411 490 1015

259 515 421 571 (1014).

263 664 358 706 Aug.
375 666 428 697 24.

453 310 537 354 212
861 307 1199 352 THIETMARI
1229 304 1445 351 CHRON.
1505 307 1619 351 LIB.
1653 307 1763 352 VIII
1796 308 1933 363 (VII).

455 437 786 505 comperiret,
828 440 887 487 ut
924 434 1064 486 filius
1101 434 1398 487 absentiam
1434 435 1621 501 patriS,
1659 434 1737 486 sic
1766 432 1912 487 flevit
1942 441 2163 489 mortem
2195 439 2332 491 tanti

453 508 695 563 senioris.
777 506 840 557 In
885 506 1035 557 cuius
1072 506 1185 558 vice
1223 505 1582 569 vidzieruma,
1630 504 1995 559 Coloniensisb
2040 508 2331 562 aecclesiae

454 578 720 650 quondam
773 577 1126 643 prepositum,
1188 581 1271 629 set
1321 582 1450 629 tunc
1508 575 1576 629 ab
1627 575 1911 629 Heriberto
1969 578 2331 648 archipresule

453 651 774 719 depositum,
836 646 1014 699 VIIII.
1055 645 1172 702 Kal.
1214 647 1508 716 Septembr.
1553 646 1648 700 diu
1692 649 2010 701 renitentem
2053 651 2237 719 posuit
2279 659 2333 705 et

452 723 519 775 ab
549 717 893 773 Erkanbaldo
926 718 1320 772 archiantistite
1350 724 1720 772 consecratum
1751 719 1821 772 ad
1852 719 2031 773 sedem
2061 723 2331 791 propriam

453 810 573 846 cum
611 791 813 842 honore
851 806 1043 857 magno
1080 791 1302 843 remisit.

594 860 901 914 Notandum
942 878 1152 930 quoque
1191 866 1271 914 est
1308 865 1361 914 et
1396 878 1503 913 non
1532 860 1735 929 absque
1767 861 2002 930 singultu
2034 864 2185 931 gravi
2212 882 2332 934 pro·

451 932 753 996 ferendum,
807 931 950 1000 quod
1004 932 1385 986 monasterium
1437 933 1492 984 in
1544 932 1851 986 Miminlevo
1903 935 2248 989 constitutum
2301 953 2334 990 a

451 1006 700 1058 libertate
738 1003 832 1055 diu
870 1004 1221 1058 corroborata
1258 1005 1314 1056 in
1351 1004 1657 1057 servitutem
1696 1004 1973 1057 redactum
2018 1011 2099 1058 est
2113 1006 2148 1062 ¹.
2228 1007 2331 1060 De-

450 1077 624 1146 posito
673 1092 904 1143 namque
942 1075 1182 1128 eiusdem
1227 1074 1470 1129 coenobii
1514 1075 1710 1129 abbate
1747 1076 2010 1129 Reinoldo
2055 1077 2333 1146 dispersis-

452 1166 555 1217 que
592 1147 701 1199 late
740 1146 1103 1200 confratribus
1144 1146 1287 1219 [hiis]
1329 1147 1727 1200 Heresfeldensi
1775 1147 2068 1201 aecclesiae
2113 1150 2334 1219 eiusque

451 1227 580 1271 tunc
615 1218 880 1288 provisori
918 1218 1195 1271 Arnoldo2
1231 1218 1369 1271 illud
1405 1217 1680 1272 subditum
1718 1225 1814 1275 est.

594 1291 679 1344 32.
719 1289 854 1360 (23.)
916 1290 979 1342 In
1017 1290 1251 1360 quadam
1289 1290 1596 1359 provinciac
1642 1290 1865 1343 Sueviae
1913 1291 2143 1360 regionis
2188 1296 2242 1345 et
2278 1293 2331 1344 in

453 1362 711 1415 comitatu
754 1361 981 1414 Becilini
1038 1362 1247 1416 comitis
1307 1362 1502 1415 accidit
1551 1379 1637 1415 res
1681 1380 1790 1415 una
1836 1363 2096 1415 mirabilis
2142 1368 2196 1416 et
2239 1364 2334 1417 ad-

450 1433 701 1486 modumd
737 1433 1010 1486 terribilis
1085 1433 1208 1487 Una
1245 1434 1436 1487 mulier
1471 1434 1755 1486 maritatae
1793 1433 2104 1488 subitaneae
2148 1436 2334 1488 mortis

452 1505 676 1558 nexibus
727 1505 980 1573 depressa
1030 1505 1176 1561 obiit.
1269 1505 1444 1558 Huius
1492 1523 1682 1574 corpus
1729 1510 1853 1574 post
1903 1505 2233 1559 lavacionem
2282 1512 2335 1560 et

452 1576 688 1630 debitam
734 1578 1178 1646 procuracionem
1227 1577 1297 1630 ad
1345 1577 1659 1630 aecclesiam
1712 1594 1745 1630 a
1794 1578 2123 1630 merentibus
2176 1579 2334 1632 sociis

452 1648 691 1701 delatum
729 1653 824 1701 est.
899 1648 1048 1701 Haec
1086 1666 1119 1701 a
1154 1649 1353 1702 feretro
1387 1666 1442 1701 se
1474 1666 1539 1701 ex
1568 1649 1852 1717 improviso
1884 1650 2092 1717 erigens
2122 1667 2186 1703 ac
2214 1667 2334 1718 pre-

453 1725 628 1773 sentes
689 1725 910 1773 cunctos
969 1720 1164 1789 fugans
1231 1725 1417 1774 evocat
1473 1719 1542 1772 ad
1612 1738 1669 1773 se
1726 1721 1896 1773 virum
1961 1721 2156 1774 suimet
2214 1739 2335 1774 cum

451 1791 812 1845 familiaribus
873 1793 1099 1844 caeteris
1167 1809 1230 1845 ac
1298 1792 1402 1845 hiis
1460 1793 1765 1858 specialiter
1822 1809 2013 1845 munus
2064 1792 2334 1861 singulare

452 1864 752 1932 asscripsit,
798 1862 974 1916 verbis
1013 1863 1319 1917 *consolata
1355 1863 1624 1929 dulcibus3
1671 1881 1735 1917 ac
1778 1869 1901 1932 post
1935 1864 2067 1917 haec
2110 1865 2166 1916 in
2202 1881 2335 1932 pace

453 1935 670 2002 quievit.
754 1935 950 1987 Mirum
999 1941 1079 1989 est
1123 1935 1268 2006 quod
1314 1935 1457 2001 dioc,
1504 1935 1598 1988 sed
1641 1935 1906 1988 mirabilis
1945 1935 2159 1988 Domini
2202 1936 2336 1989 haec

452 2007 625 2060 solum
676 2024 840 2075 opera
889 2024 1170 2074 cognosco;
1224 2013 1276 2060 et
1321 2025 1387 2060 ne
1434 2007 1552 2076 quis
1596 2006 1730 2060 haec
1774 2025 1902 2060 vera
1945 2024 2061 2060 esse
2107 2006 2335 2074 diffidat,

450 2079 817 2132 testimonium
850 2078 955 2131 hiis
985 2078 1130 2132 haud
1165 2078 1519 2147 vituperabile
1555 2079 1796 2147 profero:
1855 2079 2128 2148 predictus
2159 2096 2335 2132 comes

451 2149 552 2203 hoc
590 2151 901 2219 imperatori
944 2168 1041 2219 pro
1088 2151 1239 2203 verof
1279 2151 1466 2204 retulit
1517 2155 1570 2203 et
1613 2150 1703 2204 ille
1748 2150 1881 2203 mihi
1924 2167 2105 2204 coram
2149 2151 2334 2204 multis

452 2220 814 2275 confratribus
858 2221 914 2274 id
958 2222 1242 2277 intimavit.
1332 2222 1466 2291 Sepe
1511 2223 1757 2291 contigit,
1811 2222 1956 2291 quod
2000 2223 2054 2275 in
2102 2223 2334 2292 imagine

452 2298 786 2346 mortuorum
849 2293 1076 2346 callidus
1135 2293 1339 2347 homini
1387 2299 1612 2363 apparet
1662 2292 1909 2347 inimicus
1966 2294 2108 2347 hunc
2160 2293 2334 2348 modis

451 2367 718 2433 temptans
757 2364 1007 2418 deludere
1044 2366 1228 2431 vari‘is3
1269 2371 1325 2419 et
1363 2366 1514 2419 stulti
1551 2366 1751 2434 quique
1782 2367 1859 2419 sic
1890 2383 2005 2418 esse
2034 2370 2333 2421 autumant.

452 2437 564 2505 Ego
611 2440 791 2489 autem
834 2438 1095 2490 veraciter
1138 2437 1412 2491 innotesco
1458 2437 1666 2491 cunctis
1710 2436 1978 2500 fidelibus,
2025 2436 2169 2505 quod
2210 2442 2336 2506 post

452 2507 971 2561 commendacionem
1026 2509 1237 2561 animae
1301 2527 1363 2562 ac
1422 2509 1660 2562 debitum
1720 2508 2044 2577 sepeliendi&
2098 2507 2335 2562 officium

452 2596 599 2632 more
636 2580 930 2634 christiano
975 2580 1256 2649 diligenter
1293 2581 1616 2650 completum
1669 2598 1862 2649 corpus
1911 2580 2048 2633 illud
2093 2581 2334 2634 exanime

451 2669 744 2720 numquam
781 2657 906 2705 ante
943 2653 1223 2706 universae
1262 2653 1438 2706 carnis
1475 2653 1918 2706 resurrectionem
1957 2651 2160 2721 absque
2189 2653 2335 2706 omni

452 2723 805 2792 ambiguitate
843 2723 1210 2792 complendam
1249 2725 1500 2793 resurgit,
1547 2725 1683 2776 nisih
1721 2724 1928 2777 meritis
1965 2725 2227 2777 iustorum
2263 2723 2335 2777 ad

451 2801 662 2863 tempus
715 2793 832 2862 fiat3
890 2795 1032 2865 quod
1082 2800 1210 2849 tunc
1262 2796 1433 2849 solum
1485 2795 1703 2862 accidit,
1763 2813 1882 2848 cum
1941 2795 2169 2849 mundus
2227 2795 2334 2848 ista

451 2884 636 2920 eorum
666 2867 853 2920 inclita
884 2868 1290 2921 conversacione
1320 2866 1515 2923 floruit.
1566 2868 1703 2920 Puto
1734 2867 2031 2934 predictam
2055 2867 2333 2920 mulierem

452 2939 679 2992 multum
717 2939 965 3004 valuisse,
1003 2940 1089 2992 cui
1127 2944 1251 3007 post
1283 2945 1510 2992 mortem
1542 2944 1811 3008 gustatam
1840 2941 2041 2993 iustum
2071 2938 2334 3008 complere

453 3010 777 3064 desiderium
827 3015 879 3064 et
925 3015 1054 3064 tunc
1103 3011 1217 3063 sine
1266 3012 1466 3079 gemitu
1521 3012 1696 3064 denuo
1749 3011 1902 3064 licuit
1953 3027 2140 3064 somno
2185 3012 2334 3080 pacis

454 3082 771 3136 obdormire.

596 3155 681 3209 33.
742 3153 968 3207 *Beatus
1005 3153 1095 3207 ille
1134 3159 1229 3219 est,
1269 3155 1362 3223 qui
1398 3172 1532 3224 opus
1561 3153 1758 3208 bonum
1790 3153 2182 3207 acceleracione
2209 3170 2332 3207 con-
2356 3167 2372 3184 *

451 3227 667 3279 tinuata
703 3224 913 3293 perficit
966 3243 1064 3278 nec
1109 3244 1288 3279 moras
1325 3227 1738 3295 prolongacione
1784 3225 1994 3279 diutina
2038 3224 2334 3294 suspendit.

455 3354 490 3391 a)
513 3356 659 3386 alterum
676 3356 686 3386 i
711 3355 795 3387 add.
816 3356 856 3388 T.
943 3354 983 3397 b)
1006 3355 1185 3387 coloensis
1202 3356 1234 3387 l.
1323 3354 1357 3395 c)
1378 3355 1568 3395 previnoia
1583 3355 1626 3387 D.
1707 3355 1742 3391 d)
1764 3353 1955 3386 addomum
1971 3357 2003 3386 1.
2084 3354 2121 3393 e)
2142 3355 2272 3386 marita
2286 3355 2331 3394 D,

457 3401 492 3429 ta
514 3398 599 3429 add.
622 3398 661 3429 T.
750 3397 781 3438 f)
804 3399 882 3430 fero
907 3398 952 3439 D,
976 3408 1064 3431 corr.
1089 3399 1127 3430 T.
1216 3402 1253 3438 g)
1274 3399 1480 3438 sepelienae
1503 3401 1535 3430 1.
1623 3397 1664 3440 h)
1686 3400 1831 3430 alterum
1854 3398 1866 3428 i
1889 3397 1973 3429 add.
1993 3398 2033 3430 T.

458 3499 499 3547 1)
535 3499 664 3542 Haec
686 3512 858 3555 quoque
880 3512 953 3543 res
976 3500 1025 3543 in
1048 3501 1308 3543 memoriam
1333 3499 1585 3543 Thietmari
1607 3499 1866 3543 Annalibus
1891 3498 2123 3550 Quedlinb.
2146 3497 2332 3542 redacta

458 3567 551 3598 esse
587 3562 754 3610 potest,
807 3557 887 3612 qui
924 3570 973 3600 eo
1015 3558 1108 3601 loco
1142 3557 1461 3612 purgationem
1504 3555 1779 3602 C'orbeiensis
1819 3555 2083 3601 monasterii
2117 3553 2332 3608 referunt,

457 3625 593 3665 quam
623 3619 774 3657 noster
803 3627 948 3668 supra
978 3614 1027 3658 in
1061 3628 1095 3658 c.
1123 3616 1176 3660 13
1206 3615 1427 3659 narravit.
1564 3614 1608 3668 2)
1657 3614 1747 3667 Qui
1775 3613 1986 3658 abbatiae
2018 3611 2335 3668 Hersfeldensi

449 3670 656 3722 praefuit
688 3672 985 3716 1012-1031.

2362 1878 2381 1899 *
2396 1879 2456 1921 fols
