2456 4036
590 301 927 346 THIETMARI
957 301 1174 347 CHRON.
1233 302 1344 346 LIB.
1376 302 1487 346 VIII
1519 302 1658 357 (VII).
1970 306 2054 349 203

180 424 589 493 expectavimus.
679 426 864 479 Nostri
915 433 1110 491 autem,
1164 434 1223 480 ut
1273 428 1343 480 ad
1394 445 1590 495 pagum
1629 428 1809 479 Lusici
1854 428 2051 481 dictum

178 502 456 560 venerunt,
515 515 546 548 a
595 497 829 563 presidio
880 515 945 549 ex
994 499 1148 551 Ciani
1197 499 1362 551 urbel
1411 508 1655 566 egressoa
1701 503 2050 565 temptantum

178 566 321 634 quod
359 573 708 634 agnoscentes
745 584 990 632 magnam
1037 586 1102 620 ex
1140 586 1201 621 eo
1238 568 1667 622 multitudinemb
1706 569 1955 622 occidunt
2002 575 2053 621 et

177 637 453 700 Hericum,
500 638 590 705 qui
644 637 925 690 dicebatur
963 638 1233 704 Superbus
1278 645 1331 692 et
1368 641 1460 707 qui
1498 657 1563 692 ex
1610 644 1795 692 nostra
1838 640 2051 706 regione

176 708 242 760 ob
267 707 573 760 omicidium
597 707 687 760 illo
711 708 1110 776 fugit„captum
1135 711 1190 760 in
1213 711 1436 762 vinculis
1460 713 1633 762 cesari
1655 710 2050 776 presentabant.

322 780 403 832 17.
432 778 558 830 Inde
592 795 761 845 usque
791 777 861 830 ad
887 778 1116 830 Oderam
1148 781 1422 847 inperator
1451 781 1723 847 profectus
1762 780 1829 833 ad
1861 781 2051 843 locum,

174 849 268 916 qui
299 848 504 901 Crosna
541 847 788 910 dicitur2,
831 849 1062 916 optimos
1101 849 1170 902 ab
1208 852 1475 903 exercitu⁰
1512 851 1581 904 ad
1616 853 1938 904 Miseconem
1976 851 2052 903 ibi

172 921 452 972 turmatim
511 919 782 972 sedentem
841 919 1012 984 misit,
1073 926 1135 971 ut
1185 937 1303 972 eum
1358 921 1423 973 de
1474 923 1741 989 promissa
1793 922 1895 975 sibi
1947 921 2051 974 fide

173 995 538 1043 ammonerent
576 995 643 1053 et,
678 1008 745 1043 ne
774 991 1030 1057 propterd
1059 1007 1180 1043 eum
1211 990 1281 1043 ab
1309 992 1611 1059 inperatore
1642 1010 1741 1044 sua
1768 993 2054 1061 perderent

173 1061 334 1124 bona,
383 1078 503 1113 cum
541 1060 818 1113 dedicione
865 1078 965 1112 sua
1009 1078 1369 1128 preoccupare
1407 1063 1681 1127 voluisset,
1726 1064 2053 1116 unanimiter

171 1137 436 1199 rogarent.
512 1131 717 1196 Quibus
754 1132 800 1184 is
840 1131 1039 1183 talibus
1069 1131 1372 1198 respondit:
1424 1135 1714 1200 ‘Agnosooe
1743 1152 1826 1186 me
1857 1135 2055 1202 gratias

172 1203 370 1255 cesaris
419 1202 487 1255 ab
535 1202 740 1255 inimici
787 1207 1055 1269 potestate
1103 1206 1346 1271 ereptum
1396 1207 1490 1269 [ac]
1536 1203 1684 1255 vobis
1729 1203 1885 1256 fidem
1931 1222 2052 1272 pro-

170 1274 400 1338 misisse3
455 1283 507 1326 et
555 1290 673 1326 eam
720 1273 953 1325 libenter
998 1274 1055 1325 in
1106 1273 1351 1326 omnibus
1399 1274 1767 1342 adimplerem,
1823 1276 1868 1327 si
1915 1275 2053 1328 liber

173 1345 468 1396 existerem.
522 1343 678 1396 Nunc
700 1349 895 1406 autem,
921 1348 980 1396 ut
1001 1344 1108 1413 ipsi
1129 1344 1295 1409 scitis„
1320 1362 1437 1397 sum
1460 1347 1565 1397 mei
1587 1346 1759 1413 patris
1783 1346 2052 1397 dominiog

171 1414 415 1468 subditus
461 1420 534 1478 et,
584 1415 712 1484 quia
754 1415 845 1467 1110
883 1417 983 1468 hoc
1020 1414 1268 1482 prohibet
1311 1420 1366 1467 et
1402 1416 1486 1467 sui
1524 1417 1720 1468 milites
1766 1417 1852 1468 hic
1898 1416 2051 1468 modo

16 1481 26 1516 Ὗ
107 1529 111 1532 .
169 1492 444 1554 presentes
482 1486 616 1539 talia
651 1485 770 1538 fieri
806 1503 910 1538 non
945 1486 1245 1554 paciuntur,
1285 1486 1481 1538 invitus
1514 1488 1719 1538 omitto.
1795 1487 2050 1552 Patriam,

44 1881 53 1891 .
69 1858 142 1891 149.

46 2239 54 2248 .
69 2217 145 2249 842.

170 1575 331 1624 quam
372 1558 613 1625 queritiS,
659 1574 850 1620 meam,
897 1558 944 1608 si
986 1574 1221 1623 possum,
1267 1556 1554 1610 defendere
1602 1575 1767 1625 usque
1813 1557 1913 1623 [ad]
1960 1557 2052 1610 ad-

172 1633 383 1681 ventum
425 1629 559 1694 [mei]
599 1628 769 1694 patris
813 1628 928 1680 volo
966 1633 1020 1679 et
1062 1633 1190 1680 tunc
1229 1645 1350 1679 eum
1389 1628 1458 1679 ad
1496 1629 1725 1696 gratiam
1764 1630 1962 1680 cesaris
2001 1636 2053 1680 et

168 1699 238 1751 ad
276 1715 515 1752 amorem
551 1705 789 1751 vestrum
826 1698 1086 1750 inclinare
1125 1699 1313 1764 0111110.ἳ
1396 1698 1510 1751 Hoc
1556 1699 1727 1751 nostri
1775 1699 2052 1751 audientes

167 1771 399 1838 regressi
430 1775 554 1822 sunt
590 1775 642 1822 et
681 1769 815 1822 haec
844 1770 1140 1837 inperatori
1169 1787 1427 1837 responsa
1458 1770 1777 1822 detulerunt.
1832 1770 2051 1821 Interim

170 1841 547 1894 Bernhardush
579 1841 718 1893 *dux
741 1858 861 1893 cum
886 1841 998 1893 suis
1023 1840 1342 1904 fautoribus,
1376 1841 1639 1909 episcopis
1671 1846 1724 1893 et
1753 1840 2051 1902 comitibUS,

170 1919 224 1966 et
273 1912 621 1981 profanorum
668 1911 830 1965 turba
873 1912 1230 1964 Liuticiorum
1289 1911 1357 1964 ab
1406 1912 1678 1981 aquilone,
1725 1911 2052 1963 Bolizlavum

166 1985 333 2054 peciit
367 1989 419 2036 et
450 1983 592 2036 hunc
626 1987 928 2051 presentem
963 1983 1171 2035 munita
1200 1983 1618 2051 undiquessecus
1644 1982 1821 2034 Odera
1850 1982 2053 2037 habuit.

313 2057 396 2109 18.
433 2055 568 2125 (12.)
615 2055 782 2107 Cesar
805 2059 984 2106 autem
1017 2055 1071 2106 in
1099 2055 1403 2107 inventione
1430 2054 1627 2106 Christi
1658 2053 2054 2121 protomartiris

169 2125 403 2179 Oderam
462 2125 800 2178 transmeans
859 2125 1214 2178 reluctantem
1260 2125 1600 2177 Poleniorum
1656 2123 2053 2176 multitudinem

168 2196 453 2250 admodum
490 2198 787 2265 prostravit
829 2204 882 2249 et
932 2214 1084 2249 nemo
1132 2215 1196 2249 ex
1234 2197 1434 2248 nostris
1472 2196 1578 2248 nisi
1615 2195 1770 2247 Hodo
1810 2194 2055 2247 *inclitus

167 2269 372 2321 iuvenis
410 2286 531 2320 cum
570 2267 805 2320 Ekkrico
845 2273 898 2320 et
934 2268 1040 2320 alio
1079 2266 1360 2320 Gruncelini
1400 2267 1607 2319 comitis
1646 2265 1879 2318 satellite
1919 2266 2055 2318 ceci-

167 2339 296 2394 dit3.
359 2340 462 2392 Hic
493 2358 611 2392 cum
646 2338 917 2407 SigisridO,
958 2338 1199 2391 Hodonis
1229 2338 1340 2391 filio
1370 2337 1749 2401 marchionis4,
1789 2337 1857 2389 ab
1890 2337 2053 2404 impe-

170 2416 352 2463 ratore
391 2416 688 2476 accusatUS,
735 2427 796 2462 eo
829 2409 970 2479 quod
1002 2410 1294 2462 Bolizlavoi
1324 2410 1482 2462 nimis
1514 2408 1799 2461 familiaris
1830 2414 2053 2460 actenus

171 2481 416 2541 fuissetk,
465 2482 652 2535 eodem
699 2481 786 2533 die
823 2481 1048 2534 viriliter
1091 2499 1147 2534 se
1194 2481 1535 2549 expurgantlz
1583 2485 1637 2532 et
1673 2497 1705 2531 a
1750 2479 1861 2531 suis
1899 2478 2052 2531 Hodo

170 2553 326 2620 longe
379 2553 671 2621 digreSSUS,
731 2570 851 2605 cum
912 2552 1091 2605 hostes
1151 2553 1295 2605 solus
1347 2553 1608 2619 fugientes
1667 2551 2051 2618 insequeretur,

172 2625 375 2690 sagitta
411 2642 507 2692 per
545 2629 706 2693 caput
742 2624 966 2676 inmissa
1004 2624 1174 2690 primo
1213 2624 1423 2676 oculum
1471 2628 1524 2675 et
1568 2628 1690 2689 post
1726 2622 1887 2673 vitam
1934 2638 2053 2687 per·

173 2695 310 2747 didit
353 2696 530 2749 istam.
615 2695 716 2748 Sed
765 2712 886 2746 cum
930 2694 1131 2748 Miseco
1177 2694 1415 2747 eiusdem
1462 2710 1652 2761 corpus
1698 2697 2050 2760 cognosceret.

174 2767 302 2834 quia
341 2767 455 2818 eius
493 2766 638 2833 apud
684 2782 781 2818 nos
830 2766 1008 2818 fuerat
1044 2771 1227 2819 custos
1273 2771 1327 2818 et
1370 2764 1593 2828 sodaliS,
1644 2764 1867 2815 multum
1910 2761 2054 2814 flevit

173 2843 227 2890 et
263 2837 315 2889 id
356 2837 489 2889 bene
526 2843 873 2906 procuratum
905 2837 1018 2888 adm
1057 2838 1352 2890 exercitum
1390 2836 1552 2889 misit.
1627 2835 1821 2887 Eorum
1859 2838 2052 2894 autem,

173 2910 265 2976 qui
303 2926 367 2961 ex
408 2914 560 2975 parte
607 2907 788 2961 host-ili
833 2909 1227 2975 oppetieruntn,
1273 2925 1379 2961 non
1426 2907 1597 2959 minor
1643 2911 1760 2958 erat
1804 2921 2053 2956 numerus

173 2997 332 3047 quam
372 2980 621 3044 sexcenti,
658 2980 880 3048 predam
918 2980 1278 3047 relinquentes
1316 2979 1516 3031 nostris
1553 2976 1894 3030 ineffabilem.

175 3093 210 3135 a)
234 3102 360 3133 egreso
384 3095 416 3125 1.
516 3093 554 3135 b)
578 3096 618 3125 tu
640 3093 726 3125 add.
748 3094 788 3125 Τ.
889 3093 922 3134 0)
947 3094 1105 3126 exertitu
1129 3095 1160 3125 1.
1259 3093 1297 3131 d)
1323 3094 1468 3124 alterum
1492 3101 1515 3131 p
1539 3091 1624 3122 add.
1645 3090 1684 3121 T.
1783 3089 1817 3129 0)
1840 3098 1879 3120 00
1904 3089 1990 3120 add.
2013 3088 2052 3119 T.

173 3136 202 3173 f)
225 3138 380 3176 gratiam
404 3138 448 3168 Β.
552 3136 589 3176 g)
611 3137 661 3168 ita
683 3136 727 3168 A.
744 3136 781 3168 S.
807 3136 950 3168 domino
979 3138 1011 3168 1.
1113 3135 1154 3177 11)
1183 3135 1230 3167 ha
1252 3135 1336 3167 add.
1357 3137 1396 3167 Τ.
1499 3135 1526 3174 1)
1556 3134 1735 3165 bolizlouo
1764 3136 1790 3163 1.
1893 3131 1932 3171 k)
1956 3131 2055 3162 fami-

172 3179 527 3255 ggungdafffuissent
548 3181 592 3211 B.
688 3177 717 3219 l)
748 3179 798 3210 ica
820 3181 856 3217 13
880 3180 1100 3219 expurgaVIt
1123 3180 1165 3211 A.
1184 3179 1222 3210 S.
1312 3177 1362 3219 m)
1392 3180 1428 3209 et
1451 3179 1499 3216 B3
1524 3176 1568 3208 ad
1593 3178 1634 3208 Τ.
1736 3175 1775 3216 11)
1799 3175 1989 3214 oppierunt
2011 3174 2054 3213 Β,

177 3293 218 3345 1)
250 3295 471 3339 Fortasse
501 3294 667 3338 Zahna
703 3293 872 3348 oppido
912 3293 1031 3338 inter
1074 3293 1347 3347 Wittenbery
1385 3291 1667 3344 οι1>ῐῑίενό09
1704 3290 1812 3341 sitm
1847 3289 2055 3340 fortasse

174 3349 303 3394 Ciani
342 3353 390 3395 in
427 3349 598 3395 Ciciani
634 3350 711 3400 (cf.
749 3350 862 3402 VII,
901 3351 949 3403 9)
989 3349 1316 3394 emendandum
1356 3352 1422 3391 est
1458 3345 1676 3397 (‘Jahrb.⁷
1711 3347 1779 3389 II.
1820 3346 1945 3397 332),
1975 3344 2056 3388 sed

175 3407 350 3451 Zinnitz
388 3421 548 3451 nomen
577 3407 671 3452 vici
700 3408 816 3450 inter
847 3407 1008 3451 Kalaa
1037 3412 1080 3450 et
1109 3405 1302 3450 Luckau
1331 3405 1408 3448 siti
1435 3417 1488 3447 ecc
1517 3405 1602 3446 hoc
1629 3403 1745 3447 oriri
1772 3402 1896 3446 nullo
1925 3400 2054 3444 modo

171 3465 332 3518 potuit.
442 3464 485 3517 2)
518 3464 722 3515 Crossen,
746 3463 829 3506 ubi
847 3463 1018 3517 fluvius
1039 3464 1192 3507 Bober
1214 3463 1408 3506 Oderam
1430 3461 1591 3512 influit.
1637 3462 1690 3503 L.
1799 3458 1843 3510 3)
1876 3458 2053 3501 Nem-ol.

177 3522 456 3576 Mersebury.
483 3522 602 3576 Auy.
620 3522 672 3564 3:
703 3519 831 3563 Hodo
854 3522 900 3563 et
923 3520 1139 3563 Ekkricus
1163 3532 1261 3562 cum
1285 3517 1439 3561 multis
1463 3515 1689 3560 interfecti
1713 3517 1828 3558 sunt.
1908 3514 1952 3566 4)
1986 3514 2055 3557 De

174 3577 394 3632 Siqifrido
418 3579 572 3632 patris
593 3578 837 3621 honoribus
855 3579 1035 3631 privato
1068 3577 1125 3630 cf.
1155 3578 1180 3619 I
1184 3577 1236 3629 V,
1267 3576 1323 3620 60
1333 3591 1343 3625 ;
1376 3575 1505 3618 cuius
1529 3573 1896 3626 conscmym'neus
1921 3571 2054 3614 Hodo

175 3636 319 3678 minor
344 3636 520 3678 videtur
550 3635 705 3687 fuisse.

2086 440 2207 483 1015.

2078 2067 2172 2106 Aug.
2190 2069 2221 2099 3.
